<html class="js dj_webkit dj_chrome dj_contentbox" xmlns:wairole="http://www.w3.org/2005/01/wai-rdf/GUIRoleTaxonomy#" xmlns:waistate="http://www.w3.org/2005/07/aaa" lang="en" xml:lang="en"><!-- BEGIN PromotionDisplay.jsp --><head>
    
    <title>
        Sainsbury's - Meal Deal for Â£3.75 - List name - TBD
    </title>
<!-- BEGIN CommonCSSToInclude.jspf --><!--[if IE 8]>
<link type="text/css" href="//www.sainsburys.co.uk/wcsstore7.137.2/SainsburysStorefrontAssetStore/css/main-ie8.min.css" rel="stylesheet" media="all" />
<![endif]-->

<!--[if !IE 8]><!-->

<link type="text/css" href="//www.sainsburys.co.uk/wcsstore7.137.2/SainsburysStorefrontAssetStore/css/main.min.css" rel="stylesheet" media="all">
<!--<![endif]-->


    <link type="text/css" href="https://cmscdn.sainsburys.co.uk/solContent/.resources/sainsburysTemplates/webresources/dist/main/espot.main.min.css" rel="stylesheet" media="all">

    <link type="text/css" href="https://cmscdn.sainsburys.co.uk/solContent/.resources/sainsburysCSSOverride/webresources/css/espot.override.min.css" rel="stylesheet" media="all">

<link type="text/css" href="//www.sainsburys.co.uk/wcsstore7.137.2/SainsburysStorefrontAssetStore/wcassets/groceries/css/espot.css" rel="stylesheet" media="all">
<link type="text/css" href="//www.sainsburys.co.uk/wcsstore7.137.2/SainsburysStorefrontAssetStore/css/print.css" rel="stylesheet" media="print">	
<!-- END CommonCSSToInclude.jspf --><!-- BEGIN CommonJSToInclude.jspf -->
<meta name="CommerceSearch" content="storeId_10151">



<script src="https://ct.pinterest.com/static/ct/token_create.js"></script><script async="" src="https://bat.bing.com/p/insights/s/0.7.63"></script><script async="" src="https://bat.bing.com/p/insights/t/5713924"></script><script type="text/javascript" async="" src="https://analytics.tiktok.com/i18n/pixel/static/identify_45dd5971.js"></script><script type="text/javascript" async="" src="https://analytics.tiktok.com/i18n/pixel/static/main.MTAxMGIxNjZiNQ.js" data-id="CRGLFNJC77UB15K07S5G"></script><script async="true" src="https://tr.snapchat.com/config/uk/32146832-21c1-40c1-960f-1c34737365c3.js?v=3.35.2-2501161935" crossorigin="anonymous"></script><script async="" src="https://s.pinimg.com/ct/lib/main.7d8116bd.js"></script><script type="text/javascript" async="" charset="utf-8" id="utag_406" src="https://apps.storystream.ai/cookie-reloader/app.js"></script><script type="text/javascript" async="" charset="utf-8" id="utag_405" src="https://fc.sainsburys.co.uk/fcTag.js"></script><script async="" src="https://s.pinimg.com/ct/core.js"></script><script type="text/javascript" async="" charset="utf-8" id="utag_391" src="https://analytics.tiktok.com/i18n/pixel/events.js?sdkid=CRGLFNJC77UB15K07S5G&amp;lib=ttq"></script><script type="text/javascript" async="" charset="utf-8" id="utag_317" src="https://sc-static.net/scevent.min.js"></script><script type="text/javascript" async="" charset="utf-8" id="utag_313" src="//js.adsrvr.org/up_loader.1.1.0.js"></script><script async="" src="//static.ads-twitter.com/uwt.js"></script><script type="text/javascript" src="//ad.doubleclick.net/adj/https://ad.doubleclick.net/ddm/adj/N1121103.197812NSO.CODESRV/B24391760;dcadv=277161180;sz=1x2;ord=802458902307.3232"></script><script type="text/javascript" async="" src="https://www.googletagmanager.com/gtag/js?id=DC-9427595&amp;l=dataLayer&amp;cx=c&amp;gtm=453e51n0za200"></script><script src="https://connect.facebook.net/signals/config/836903216827068?v=2.9.180&amp;r=stable&amp;domain=www.sainsburys.co.uk&amp;hme=1b2b48fb279bc2e2881583cc2153b57f55e340ed882b2c5394167c8bc992d930&amp;ex_m=70%2C122%2C107%2C111%2C61%2C4%2C100%2C69%2C16%2C97%2C89%2C51%2C54%2C174%2C177%2C189%2C185%2C186%2C188%2C29%2C101%2C53%2C77%2C187%2C169%2C172%2C182%2C183%2C190%2C132%2C41%2C192%2C193%2C34%2C144%2C15%2C50%2C198%2C197%2C134%2C18%2C40%2C1%2C43%2C65%2C66%2C67%2C71%2C93%2C17%2C14%2C96%2C92%2C91%2C108%2C52%2C110%2C39%2C109%2C30%2C94%2C26%2C170%2C173%2C141%2C86%2C56%2C84%2C33%2C73%2C0%2C95%2C32%2C28%2C82%2C83%2C88%2C47%2C46%2C87%2C37%2C11%2C12%2C13%2C6%2C7%2C25%2C22%2C23%2C57%2C62%2C64%2C75%2C102%2C27%2C76%2C9%2C8%2C80%2C48%2C21%2C104%2C103%2C105%2C98%2C10%2C20%2C3%2C38%2C74%2C19%2C5%2C90%2C81%2C44%2C35%2C85%2C2%2C36%2C63%2C42%2C106%2C45%2C79%2C68%2C112%2C60%2C59%2C31%2C99%2C58%2C55%2C49%2C78%2C72%2C24%2C113" async=""></script><script type="text/javascript" async="" charset="utf-8" id="utag_267" src="https://connect.facebook.net/en_US/fbevents.js"></script><script type="text/javascript" async="" charset="utf-8" id="utag_70" src="//bat.bing.com/bat.js"></script><script type="text/javascript" async="" charset="utf-8" id="utag_30" src="//www.ist-track.com/ProcessClickJavaScript.ashx?id=1e096408-041f-4238-994e-a7cf46bf9413&amp;useDom=1"></script><script type="text/javascript" async="" charset="utf-8" id="utag_12" src="//bat.bing.com/bat.js"></script><script type="text/javascript" async="" src="https://www.googletagmanager.com/gtag/js?id=G-QD2JF6T7MG&amp;l=dataLayer&amp;cx=c&amp;gtm=453e51n0za200"></script><script type="text/javascript" async="" charset="utf-8" id="utag_374" src="https://www.googletagmanager.com/gtag/js"></script><script src="//tags.tiqcdn.com/utag/sainsburys/groceries/prod/utag.js" type="text/javascript" async=""></script><script async="" src="https://d1af033869koo7.cloudfront.net/psp/platform/247px.js"></script><script type="text/javascript">  
var cookieLegislationEnabled = "Y";
</script>



<script type="text/javascript">  
var _deliverySlotInfo = {                          
    expiryDateTime: '',
    currentDateTime: 'January 25,2025 21:05:35',
    ajaxCountDownUrl: 'CountdownDisplayView?langId=44&amp;storeId=10151',
    ajaxExpiredUrl: 'DeliverySlotExpiredDisplayView?langId=44&amp;storeId=10151&amp;currentPageUrl=https%3a%2f%2fwww.sainsburys.co.uk%2fwebapp%2fwcs%2fstores%2fservlet%2fPromotionDisplayView%3flistId%3d2%26catalogId%3d10241%26productId%3d1117540%26langId%3d44%26storeId%3d10151%26promotionId%3d10669742&amp;AJAXCall=true'
}
var _amendOrderSlotInfo = {                          
    expiryDateTime: '',
    currentDateTime: 'January 25,2025 21:05:35',
    ajaxAmendOrderExpiryUrl: 'AjaxOrderAmendSlotExpiryView?langId=44&amp;storeId=10151&amp;currentPageUrl=https%3a%2f%2fwww.sainsburys.co.uk%2fwebapp%2fwcs%2fstores%2fservlet%2fPromotionDisplayView%3flistId%3d2%26catalogId%3d10241%26productId%3d1117540%26langId%3d44%26storeId%3d10151%26promotionId%3d10669742'
}    
var _commonPageInfo = {
currentUrl: 'https://www.sainsburys.co.uk/webapp/wcs/stores/servlet/PromotionDisplayView?listId=2&amp;catalogId=10241&amp;productId=1117540&amp;langId=44&amp;storeId=10151&amp;promotionId=10669742',
storeId: '10151',
langId: '44',
catalogId: '10241',
slot: '',
cache: ''   
}
</script>

<script type="text/javascript">
var _rhsCheckPostCodeRuleset = {                          
      postCode: {
            isEmpty: {
                  param: true,
                  text: 'Sorry, we couldn&#39;t recognise that postcode. Please try again.',
                  msgPlacement: "#checkPostCodePanel #Rhs_checkPostCode .field",
                  elemToAddErrorClassTo: "#checkPostCodePanel #Rhs_checkPostCode .field"
            },
            minLength: {
                  param: 5,
                  text: 'Sorry, this entry must be between 5 to 8 characters long.',
                  msgPlacement: "#checkPostCodePanel #Rhs_checkPostCode .field",
                  elemToAddErrorClassTo: "#checkPostCodePanel #Rhs_checkPostCode .field"
            },
            isPostcode: {
                  param: true,
                  text: 'Sorry, we couldn&#39;t recognise that postcode. Please try again.',
                  msgPlacement: "#checkPostCodePanel #Rhs_checkPostCode .field",
                  elemToAddErrorClassTo: "#checkPostCodePanel #Rhs_checkPostCode .field"
            }
      }
}
</script>
<!-- New Relic browser enablement changes Header-->



<script type="text/javascript">
if(typeof Promise == "undefined") {
!function( d ) {
var url = '//www.sainsburys.co.uk/wcsstore7.137.2/SainsburysStorefrontAssetStore/js/bluebird/bluebird.core.min.3.5.1.js';
var s = d.createElement( 'script' );
s.type = "text/javascript";
s.src = url;
d.head.appendChild( s );
}(document)
}
</script>


<script type="text/javascript">
var typeAheadTrigger = 2;
</script>



<script type="text/javascript" charset="utf-8" src="//www.sainsburys.co.uk/wcsstore7.137.2/SainsburysStorefrontAssetStore/js/dojo.1.16.3/dojo/fx/easing.js"></script><script type="text/javascript" charset="utf-8" src="//www.sainsburys.co.uk/wcsstore7.137.2/SainsburysStorefrontAssetStore/js/dojo.1.16.3/dojo/NodeList-traverse.js"></script><script type="text/javascript" charset="utf-8" src="//www.sainsburys.co.uk/wcsstore7.137.2/SainsburysStorefrontAssetStore/js/dojo.1.16.3/dojox/NodeList/delegate.js"></script><script type="text/javascript" charset="utf-8" src="//www.sainsburys.co.uk/wcsstore7.137.2/SainsburysStorefrontAssetStore/js/dojo.1.16.3/dojo/hash.js"></script><script type="text/javascript" charset="utf-8" src="//www.sainsburys.co.uk/wcsstore7.137.2/SainsburysStorefrontAssetStore/js/dojo.1.16.3/dojox/html/entities.js"></script><script type="text/javascript" charset="utf-8" src="//www.sainsburys.co.uk/wcsstore7.137.2/SainsburysStorefrontAssetStore/js/dojo.1.16.3/dojo/cookie.js"></script><script type="text/javascript" charset="utf-8" src="//www.sainsburys.co.uk/wcsstore7.137.2/SainsburysStorefrontAssetStore/js/dojo.1.16.3/dojo/parser.js"></script><script type="text/javascript" charset="utf-8" src="//www.sainsburys.co.uk/wcsstore7.137.2/SainsburysStorefrontAssetStore/js/dojo.1.16.3/dijit/layout/AccordionContainer.js"></script><script type="text/javascript" charset="utf-8" src="//www.sainsburys.co.uk/wcsstore7.137.2/SainsburysStorefrontAssetStore/js/dojo.1.16.3/dijit/layout/ContentPane.js"></script><script type="text/javascript" charset="utf-8" src="//www.sainsburys.co.uk/wcsstore7.137.2/SainsburysStorefrontAssetStore/js/dojo.1.16.3/dojox/widget/AutoRotator.js"></script><script type="text/javascript" charset="utf-8" src="//www.sainsburys.co.uk/wcsstore7.137.2/SainsburysStorefrontAssetStore/js/dojo.1.16.3/dojox/widget/rotator/Fade.js"></script><script type="text/javascript" charset="utf-8" src="//www.sainsburys.co.uk/wcsstore7.137.2/SainsburysStorefrontAssetStore/js/dojo.1.16.3/dojo/fx.js"></script><script type="text/javascript" charset="utf-8" src="//www.sainsburys.co.uk/wcsstore7.137.2/SainsburysStorefrontAssetStore/js/dojo.1.16.3/dojo/regexp.js"></script><script type="text/javascript" charset="utf-8" src="//www.sainsburys.co.uk/wcsstore7.137.2/SainsburysStorefrontAssetStore/js/dojo.1.16.3/dijit/_Widget.js"></script><script type="text/javascript" charset="utf-8" src="//www.sainsburys.co.uk/wcsstore7.137.2/SainsburysStorefrontAssetStore/js/dojo.1.16.3/dijit/_Container.js"></script><script type="text/javascript" charset="utf-8" src="//www.sainsburys.co.uk/wcsstore7.137.2/SainsburysStorefrontAssetStore/js/dojo.1.16.3/dijit/layout/_ContentPaneResizeMixin.js"></script><script type="text/javascript" charset="utf-8" src="//www.sainsburys.co.uk/wcsstore7.137.2/SainsburysStorefrontAssetStore/js/dojo.1.16.3/dojo/string.js"></script><script type="text/javascript" charset="utf-8" src="//www.sainsburys.co.uk/wcsstore7.137.2/SainsburysStorefrontAssetStore/js/dojo.1.16.3/dojo/html.js"></script><script type="text/javascript" charset="utf-8" src="//www.sainsburys.co.uk/wcsstore7.137.2/SainsburysStorefrontAssetStore/js/dojo.1.16.3/dijit/nls/loading.js"></script><script type="text/javascript" charset="utf-8" src="//www.sainsburys.co.uk/wcsstore7.137.2/SainsburysStorefrontAssetStore/js/dojo.1.16.3/dojo/_base/url.js"></script><script type="text/javascript" charset="utf-8" src="//www.sainsburys.co.uk/wcsstore7.137.2/SainsburysStorefrontAssetStore/js/dojo.1.16.3/dojo/promise/all.js"></script><script type="text/javascript" charset="utf-8" src="//www.sainsburys.co.uk/wcsstore7.137.2/SainsburysStorefrontAssetStore/js/dojo.1.16.3/dojo/date/stamp.js"></script><script type="text/javascript" charset="utf-8" src="//www.sainsburys.co.uk/wcsstore7.137.2/SainsburysStorefrontAssetStore/js/dojo.1.16.3/dijit/focus.js"></script><script type="text/javascript" charset="utf-8" src="//www.sainsburys.co.uk/wcsstore7.137.2/SainsburysStorefrontAssetStore/js/dojo.1.16.3/dijit/_base/manager.js"></script><script type="text/javascript" charset="utf-8" src="//www.sainsburys.co.uk/wcsstore7.137.2/SainsburysStorefrontAssetStore/js/dojo.1.16.3/dijit/_TemplatedMixin.js"></script><script type="text/javascript" charset="utf-8" src="//www.sainsburys.co.uk/wcsstore7.137.2/SainsburysStorefrontAssetStore/js/dojo.1.16.3/dijit/_CssStateMixin.js"></script><script type="text/javascript" charset="utf-8" src="//www.sainsburys.co.uk/wcsstore7.137.2/SainsburysStorefrontAssetStore/js/dojo.1.16.3/dijit/layout/StackContainer.js"></script><script type="text/javascript" charset="utf-8" src="//www.sainsburys.co.uk/wcsstore7.137.2/SainsburysStorefrontAssetStore/js/dojo.1.16.3/dijit/a11yclick.js"></script><script type="text/javascript" charset="utf-8" src="//www.sainsburys.co.uk/wcsstore7.137.2/SainsburysStorefrontAssetStore/js/dojo.1.16.3/dojox/widget/Rotator.js"></script><script type="text/javascript" charset="utf-8" src="//www.sainsburys.co.uk/wcsstore7.137.2/SainsburysStorefrontAssetStore/js/dojo.1.16.3/dijit/registry.js"></script><script type="text/javascript" charset="utf-8" src="//www.sainsburys.co.uk/wcsstore7.137.2/SainsburysStorefrontAssetStore/js/dojo.1.16.3/dijit/_WidgetBase.js"></script><script type="text/javascript" charset="utf-8" src="//www.sainsburys.co.uk/wcsstore7.137.2/SainsburysStorefrontAssetStore/js/dojo.1.16.3/dijit/_OnDijitClickMixin.js"></script><script type="text/javascript" charset="utf-8" src="//www.sainsburys.co.uk/wcsstore7.137.2/SainsburysStorefrontAssetStore/js/dojo.1.16.3/dijit/_FocusMixin.js"></script><script type="text/javascript" charset="utf-8" src="//www.sainsburys.co.uk/wcsstore7.137.2/SainsburysStorefrontAssetStore/js/dojo.1.16.3/dojo/uacss.js"></script><script type="text/javascript" charset="utf-8" src="//www.sainsburys.co.uk/wcsstore7.137.2/SainsburysStorefrontAssetStore/js/dojo.1.16.3/dijit/hccss.js"></script><script type="text/javascript" charset="utf-8" src="//www.sainsburys.co.uk/wcsstore7.137.2/SainsburysStorefrontAssetStore/js/dojo.1.16.3/dijit/Viewport.js"></script><script type="text/javascript" charset="utf-8" src="//www.sainsburys.co.uk/wcsstore7.137.2/SainsburysStorefrontAssetStore/js/dojo.1.16.3/dijit/layout/utils.js"></script><script type="text/javascript" charset="utf-8" src="//www.sainsburys.co.uk/wcsstore7.137.2/SainsburysStorefrontAssetStore/js/dojo.1.16.3/dojo/Stateful.js"></script><script type="text/javascript" charset="utf-8" src="//www.sainsburys.co.uk/wcsstore7.137.2/SainsburysStorefrontAssetStore/js/dojo.1.16.3/dojo/window.js"></script><script type="text/javascript" charset="utf-8" src="//www.sainsburys.co.uk/wcsstore7.137.2/SainsburysStorefrontAssetStore/js/dojo.1.16.3/dijit/a11y.js"></script><script type="text/javascript" charset="utf-8" src="//www.sainsburys.co.uk/wcsstore7.137.2/SainsburysStorefrontAssetStore/js/dojo.1.16.3/dijit/main.js"></script><script type="text/javascript" charset="utf-8" src="//www.sainsburys.co.uk/wcsstore7.137.2/SainsburysStorefrontAssetStore/js/dojo.1.16.3/dojo/cache.js"></script><script type="text/javascript" charset="utf-8" src="//www.sainsburys.co.uk/wcsstore7.137.2/SainsburysStorefrontAssetStore/js/dojo.1.16.3/dijit/_AttachMixin.js"></script><script type="text/javascript" charset="utf-8" src="//www.sainsburys.co.uk/wcsstore7.137.2/SainsburysStorefrontAssetStore/js/dojo.1.16.3/dojo/touch.js"></script><script type="text/javascript" charset="utf-8" src="//www.sainsburys.co.uk/wcsstore7.137.2/SainsburysStorefrontAssetStore/js/dojo.1.16.3/dijit/layout/_LayoutWidget.js"></script><script type="text/javascript" charset="utf-8" src="//www.sainsburys.co.uk/wcsstore7.137.2/SainsburysStorefrontAssetStore/js/dojo.1.16.3/dijit/Destroyable.js"></script><script type="text/javascript" charset="utf-8" src="//www.sainsburys.co.uk/wcsstore7.137.2/SainsburysStorefrontAssetStore/js/dojo.1.16.3/dojo/hccss.js"></script><script type="text/javascript" charset="utf-8" src="//www.sainsburys.co.uk/wcsstore7.137.2/SainsburysStorefrontAssetStore/js/dojo.1.16.3/dijit/_Contained.js"></script><script type="text/javascript" charset="utf-8" src="//www.sainsburys.co.uk/wcsstore7.137.2/SainsburysStorefrontAssetStore/js/dojo.1.16.3/dojo/fx/Toggler.js"></script><script type="text/javascript" charset="utf-8" src="//www.sainsburys.co.uk/wcsstore7.137.2/SainsburysStorefrontAssetStore/js/dojo.1.16.3/dijit/_base.js"></script><script type="text/javascript" charset="utf-8" src="//www.sainsburys.co.uk/wcsstore7.137.2/SainsburysStorefrontAssetStore/js/dojo.1.16.3/dijit/WidgetSet.js"></script><script type="text/javascript" charset="utf-8" src="//www.sainsburys.co.uk/wcsstore7.137.2/SainsburysStorefrontAssetStore/js/dojo.1.16.3/dijit/_base/focus.js"></script><script type="text/javascript" charset="utf-8" src="//www.sainsburys.co.uk/wcsstore7.137.2/SainsburysStorefrontAssetStore/js/dojo.1.16.3/dijit/_base/place.js"></script><script type="text/javascript" charset="utf-8" src="//www.sainsburys.co.uk/wcsstore7.137.2/SainsburysStorefrontAssetStore/js/dojo.1.16.3/dijit/_base/popup.js"></script><script type="text/javascript" charset="utf-8" src="//www.sainsburys.co.uk/wcsstore7.137.2/SainsburysStorefrontAssetStore/js/dojo.1.16.3/dijit/_base/scroll.js"></script><script type="text/javascript" charset="utf-8" src="//www.sainsburys.co.uk/wcsstore7.137.2/SainsburysStorefrontAssetStore/js/dojo.1.16.3/dijit/_base/sniff.js"></script><script type="text/javascript" charset="utf-8" src="//www.sainsburys.co.uk/wcsstore7.137.2/SainsburysStorefrontAssetStore/js/dojo.1.16.3/dijit/_base/typematic.js"></script><script type="text/javascript" charset="utf-8" src="//www.sainsburys.co.uk/wcsstore7.137.2/SainsburysStorefrontAssetStore/js/dojo.1.16.3/dijit/_base/wai.js"></script><script type="text/javascript" charset="utf-8" src="//www.sainsburys.co.uk/wcsstore7.137.2/SainsburysStorefrontAssetStore/js/dojo.1.16.3/dijit/_base/window.js"></script><script type="text/javascript" charset="utf-8" src="//www.sainsburys.co.uk/wcsstore7.137.2/SainsburysStorefrontAssetStore/js/dojo.1.16.3/dijit/place.js"></script><script type="text/javascript" charset="utf-8" src="//www.sainsburys.co.uk/wcsstore7.137.2/SainsburysStorefrontAssetStore/js/dojo.1.16.3/dijit/popup.js"></script><script type="text/javascript" charset="utf-8" src="//www.sainsburys.co.uk/wcsstore7.137.2/SainsburysStorefrontAssetStore/js/dojo.1.16.3/dijit/BackgroundIframe.js"></script><script type="text/javascript" charset="utf-8" src="//www.sainsburys.co.uk/wcsstore7.137.2/SainsburysStorefrontAssetStore/js/dojo.1.16.3/dijit/selection.js"></script><script type="text/javascript" charset="utf-8" src="//www.sainsburys.co.uk/wcsstore7.137.2/SainsburysStorefrontAssetStore/js/dojo.1.16.3/dijit/typematic.js"></script><script type="text/javascript" charset="utf-8" src="//www.sainsburys.co.uk/wcsstore7.137.2/SainsburysStorefrontAssetStore/js/dojo.1.16.3/dijit/layout/StackController.js"></script><script type="text/javascript" charset="utf-8" src="//www.sainsburys.co.uk/wcsstore7.137.2/SainsburysStorefrontAssetStore/js/dojo.1.16.3/dijit/form/ToggleButton.js"></script><script type="text/javascript" charset="utf-8" src="//www.sainsburys.co.uk/wcsstore7.137.2/SainsburysStorefrontAssetStore/js/dojo.1.16.3/dijit/form/Button.js"></script><script type="text/javascript" charset="utf-8" src="//www.sainsburys.co.uk/wcsstore7.137.2/SainsburysStorefrontAssetStore/js/dojo.1.16.3/dijit/form/_ToggleButtonMixin.js"></script><script type="text/javascript" charset="utf-8" src="//www.sainsburys.co.uk/wcsstore7.137.2/SainsburysStorefrontAssetStore/js/dojo.1.16.3/dijit/form/_FormWidget.js"></script><script type="text/javascript" charset="utf-8" src="//www.sainsburys.co.uk/wcsstore7.137.2/SainsburysStorefrontAssetStore/js/dojo.1.16.3/dijit/form/_ButtonMixin.js"></script><script type="text/javascript" charset="utf-8" src="//www.sainsburys.co.uk/wcsstore7.137.2/SainsburysStorefrontAssetStore/js/dojo.1.16.3/dijit/form/_FormWidgetMixin.js"></script><script type="text/javascript" charset="utf-8" src="//www.sainsburys.co.uk/wcsstore7.137.2/SainsburysStorefrontAssetStore/js/dojo.1.16.3/dijit/layout/AccordionPane.js"></script><script type="text/javascript" charset="utf-8" src="//www.sainsburys.co.uk/wcsstore7.137.2/SainsburysStorefrontAssetStore/js/dojo.1.16.3/dijit/form/_FormValueWidget.js"></script><script type="text/javascript" charset="utf-8" src="//www.sainsburys.co.uk/wcsstore7.137.2/SainsburysStorefrontAssetStore/js/dojo.1.16.3/dijit/form/_FormValueMixin.js"></script><script type="text/javascript" charset="utf-8" src="//www.sainsburys.co.uk/wcsstore7.137.2/SainsburysStorefrontAssetStore/js/dojo.1.16.3/dijit/form/DropDownButton.js"></script><script type="text/javascript" charset="utf-8" src="//www.sainsburys.co.uk/wcsstore7.137.2/SainsburysStorefrontAssetStore/js/dojo.1.16.3/dijit/form/ComboButton.js"></script><script type="text/javascript" charset="utf-8" src="//www.sainsburys.co.uk/wcsstore7.137.2/SainsburysStorefrontAssetStore/js/dojo.1.16.3/dijit/_HasDropDown.js"></script><script type="text/javascript" data-dojo-config="isDebug: false, useCommentedJson: true,locale: 'en-gb', parseOnLoad: true, dojoBlankHtmlUrl:'/wcsstore/SainsburysStorefrontAssetStore/js/dojo.1.16.3/blank.html'" src="//www.sainsburys.co.uk/wcsstore7.137.2/SainsburysStorefrontAssetStore/js/dojo.1.16.3/dojo/dojo.js"></script>


<script type="text/javascript">"undefined"==typeof digitalData&&(digitalData={event:[]}),digitalData.event.push=function(){for(var t=0,e=arguments.length;e>t;t++)this[this.length]=arguments[t];var n="s_"+arguments[0].eventInfo.eventName;if(void 0!=n){var a=null;try{a=new Event(n,{bubbles:!0,cancelable:!1})}catch(i){a=document.createEvent("Event"),a.initEvent(n,!0,!1)}document.addEventListener?document.addEventListener(n,function(t){},!1):document.attachEvent(n,function(t){}),document.dispatchEvent(a)}return this.length};</script>
<script type="text/javascript" src="//www.sainsburys.co.uk/wcsstore7.137.2/SainsburysStorefrontAssetStore/js/sainsburys.js"></script>


<script type="text/javascript">require(["dojo/parser", "dijit/layout/AccordionContainer", "dijit/layout/ContentPane", "dojox/widget/AutoRotator", "dojox/widget/rotator/Fade"]);</script>
<script type="text/javascript" src="//www.sainsburys.co.uk/wcsstore7.137.2/SainsburysStorefrontAssetStore/wcassets/groceries/scripts/page/faq.js"></script>



<script type="text/javascript">if (self === top || (location.ancestorOrigins[0] != undefined && location.ancestorOrigins[0].match("app.contentsquare.com") != null)) {var antiCJ = document.getElementById("antiCJ");antiCJ.parentNode.removeChild(antiCJ);} else {top.location = self.location;}</script>


<script type="text/javascript" src="//www.sainsburys.co.uk/wcsstore7.137.2/SainsburysStorefrontAssetStore/psp247/247tag.PROD.js" async="true"></script>

<script src="//tags.tiqcdn.com/utag/sainsburys/groceries/prod/utag.sync.js"></script><!-- END CommonJSToInclude.jspf -->
<script type="text/javascript" async="" charset="utf-8" id="utag_sainsburys.groceries_329" src="//www.gstatic.com/recommendationengine/v1beta_event.js?utv=ut4.44.202501221117"></script><script src="https://cdn-ukwest.onetrust.com/scripttemplates/202501.1.0/otBannerSdk.js" async="" type="text/javascript"></script><script type="text/javascript" async="" charset="utf-8" id="utag_sainsburys.groceries_65" src="//tags.tiqcdn.com/utag/sainsburys/groceries/prod/utag.65.js?utv=ut4.44.202501221117"></script><script type="text/javascript" async="" charset="utf-8" id="utag_sainsburys.groceries_351" src="//tags.tiqcdn.com/utag/sainsburys/groceries/prod/utag.351.js?utv=ut4.44.202501221117"></script><script type="text/javascript" async="" charset="utf-8" id="utag_sainsburys.groceries_12" src="//tags.tiqcdn.com/utag/sainsburys/groceries/prod/utag.12.js?utv=ut4.44.202109281108"></script><script type="text/javascript" async="" charset="utf-8" id="utag_sainsburys.groceries_30" src="//tags.tiqcdn.com/utag/sainsburys/groceries/prod/utag.30.js?utv=ut4.44.202501221117"></script><script type="text/javascript" async="" charset="utf-8" id="utag_sainsburys.groceries_70" src="//tags.tiqcdn.com/utag/sainsburys/groceries/prod/utag.70.js?utv=ut4.44.202001141603"></script><script type="text/javascript" async="" charset="utf-8" id="utag_sainsburys.groceries_201" src="//tags.tiqcdn.com/utag/sainsburys/groceries/prod/utag.201.js?utv=ut4.44.202001141603"></script><script type="text/javascript" async="" charset="utf-8" id="utag_sainsburys.groceries_267" src="//tags.tiqcdn.com/utag/sainsburys/groceries/prod/utag.267.js?utv=ut4.44.202501221117"></script><script type="text/javascript" async="" charset="utf-8" id="utag_sainsburys.groceries_282" src="//tags.tiqcdn.com/utag/sainsburys/groceries/prod/utag.282.js?utv=ut4.44.202501221117"></script><script type="text/javascript" async="" charset="utf-8" id="utag_sainsburys.groceries_289" src="//tags.tiqcdn.com/utag/sainsburys/groceries/prod/utag.289.js?utv=ut4.44.202501221117"></script><script type="text/javascript" async="" charset="utf-8" id="utag_sainsburys.groceries_296" src="//tags.tiqcdn.com/utag/sainsburys/groceries/prod/utag.296.js?utv=ut4.44.202008111235"></script><script type="text/javascript" async="" charset="utf-8" id="utag_sainsburys.groceries_303" src="//tags.tiqcdn.com/utag/sainsburys/groceries/prod/utag.303.js?utv=ut4.44.202107051329"></script><script type="text/javascript" async="" charset="utf-8" id="utag_sainsburys.groceries_313" src="//tags.tiqcdn.com/utag/sainsburys/groceries/prod/utag.313.js?utv=ut4.44.202008270843"></script><script type="text/javascript" async="" charset="utf-8" id="utag_sainsburys.groceries_317" src="//tags.tiqcdn.com/utag/sainsburys/groceries/prod/utag.317.js?utv=ut4.44.202008270843"></script><script type="text/javascript" async="" charset="utf-8" id="utag_sainsburys.groceries_366" src="//tags.tiqcdn.com/utag/sainsburys/groceries/prod/utag.366.js?utv=ut4.44.202207070917"></script><script type="text/javascript" async="" charset="utf-8" id="utag_sainsburys.groceries_375" src="//tags.tiqcdn.com/utag/sainsburys/groceries/prod/utag.375.js?utv=ut4.44.202501221117"></script><script type="text/javascript" async="" charset="utf-8" id="utag_sainsburys.groceries_376" src="//tags.tiqcdn.com/utag/sainsburys/groceries/prod/utag.376.js?utv=ut4.44.202501221117"></script><script type="text/javascript" async="" charset="utf-8" id="utag_sainsburys.groceries_383" src="//tags.tiqcdn.com/utag/sainsburys/groceries/prod/utag.383.js?utv=ut4.44.202501221117"></script><script type="text/javascript" async="" charset="utf-8" id="utag_sainsburys.groceries_391" src="//tags.tiqcdn.com/utag/sainsburys/groceries/prod/utag.391.js?utv=ut4.44.202501221117"></script><script type="text/javascript" async="" charset="utf-8" id="utag_sainsburys.groceries_395" src="//tags.tiqcdn.com/utag/sainsburys/groceries/prod/utag.395.js?utv=ut4.44.202501221117"></script><script type="text/javascript" async="" charset="utf-8" id="utag_sainsburys.groceries_405" src="//tags.tiqcdn.com/utag/sainsburys/groceries/prod/utag.405.js?utv=ut4.44.202501221117"></script><script type="text/javascript" async="" charset="utf-8" id="utag_sainsburys.groceries_406" src="//tags.tiqcdn.com/utag/sainsburys/groceries/prod/utag.406.js?utv=ut4.44.202501221117"></script><script id="gbConfig" src="https://cdn.gbqofs.com/sainsburys/gol/p/config.js"></script><script type="text/javascript" src="https://fc.sainsburys.co.uk/sainsburys-co-uk.js"></script><meta name="viewport" content="width=device-width, initial-scale=1"><script id="_cls_detector" src="https://cdn.gbqofs.com/sv/b/detector-bootstrap.min.js" type="module" data-clsconfig="reportURI=https://report.sainsburys.gbqofs.io/reporting/9e2d32e9-709d-e97d-0c04-748961f50451/cls_report"></script><style>#csat-components{font-family:Inter,system-ui,Avenir,Helvetica,Arial,sans-serif;line-height:1.5;font-weight:400;color-scheme:light dark;color:#fff;background-color:#fff;font-synthesis:none;text-rendering:optimizeLegibility;-webkit-font-smoothing:antialiased;-moz-osx-font-smoothing:grayscale;-webkit-text-size-adjust:100%;--brand-border-colour: #fff;--brand-border-style: none;--brand-border-width: 0;--brand-border-color: #333333;--brand-border-radius: 24px;--brand-font-colour: #fff;--brand-secondary-font-colur: #333;--brand-font-family: MaryAnn, Trebuchet MS, Arial, Helvetica, sans-serif;--brand-secondary-font-family: Arial, Helvetica, sans-serif;--brand-font-size: 18px;--brand-font-header-size: 22px;--brand-primary-colour: rgb(240, 108, 0);--brand-primary-hover-colour: rgb(229, 80, 0);--brand-padding-default: 24px}.feedback.left.svelte-1hfrwdn{left:var(--brand-padding)}.feedback.right.svelte-1hfrwdn{right:var(--brand-padding)}.feedback.top.svelte-1hfrwdn{top:var(--brand-padding)}.feedback.bottom.svelte-1hfrwdn{bottom:var(--brand-padding)}.feedback.bottom-high.svelte-1hfrwdn{bottom:calc(var(--brand-feedback-offset) + var(--brand-padding))}.feedback.pill.svelte-1hfrwdn{border-radius:24px}.feedback.svelte-1hfrwdn:hover{background-color:var(--brand-primary-hover-colour)}.feedback.svelte-1hfrwdn{display:flex;position:fixed;align-items:center;z-index:101;border-color:var(--brand-border-colour);border-style:var(--brand-border-style);border-width:var(--brand-border-width);background-color:var(--brand-primary-colour);min-height:48px;min-width:48px;padding:0 24px 0 0;font-weight:800;font-size:var(--brand-font-size);font-family:var(--brand-font-family);color:var(--brand-font-colour);text-decoration:none;transition-duration:.2s;transition-property:background-color,color;transition-timing-function:ease-out}.csat-feedback-icon.svelte-1hfrwdn{box-sizing:border-box;color:var(--brand-font-colour);font-stretch:100%;height:48px;padding:12px;width:48px}@media all and (max-width: 600px){.feedback.svelte-1hfrwdn{overflow:hidden;padding:0}.hidden-mobile.svelte-1hfrwdn{display:none}}.csat-modal.is-open.svelte-1mpg9fp.svelte-1mpg9fp{opacity:1;visibility:visible;transition:visibility 0s linear 0s,opacity .3s}.csat-modal.svelte-1mpg9fp.svelte-1mpg9fp{opacity:0;transition:visibility 0s linear .3s,opacity .3s;visibility:hidden;position:fixed;bottom:40px;left:20%;z-index:2147483647;font-family:var(--brand-font-family)}.csat-modal-body.svelte-1mpg9fp.svelte-1mpg9fp{background-color:#fff;display:flex;flex-direction:column;align-items:center;box-sizing:border-box;padding:16px;width:343px;border:1px solid #737373;border-radius:2px;font-size:var(--brand-font-size);font-stretch:100%;font-weight:400;line-height:26px;color:#404040;text-align:center;pointer-events:auto}.csat-modal-heading.svelte-1mpg9fp.svelte-1mpg9fp{margin-bottom:10px;margin-top:16px;color:#0c0c0c;font-size:var(--brand-font-header-size);font-stretch:100%;font-weight:800;line-height:26px}.csat-modal-body.svelte-1mpg9fp p.svelte-1mpg9fp{margin-top:0;margin-bottom:32px;font-size:var(--brand-font-size);font-family:var(--brand-secondary-font-family);font-weight:400;line-height:26px}.csat-button.svelte-1mpg9fp.svelte-1mpg9fp{border-radius:2px;min-height:48px;min-width:48px;margin-bottom:16px;font-size:var(--brand-font-size);text-decoration:none;line-height:24px;font-weight:800;transition-duration:.2s;transition-property:background-color,color;transition-timing-function:ease-out}.csat-button.full.svelte-1mpg9fp.svelte-1mpg9fp{width:100%}.csat-button.filled.svelte-1mpg9fp.svelte-1mpg9fp{background-color:var(--brand-primary-colour);color:var(--brand-font-colour);border:none}.csat-button.svelte-1mpg9fp.svelte-1mpg9fp:hover{background-color:var(--brand-primary-hover-colour);border:2px solid var(--brand-primary-hover-colour)}.csat-button.outlined.svelte-1mpg9fp.svelte-1mpg9fp{background-color:#fff;color:var(--brand-primary-colour);border:2px solid var(--brand-primary-colour);padding:calc(.5rem - 2px) calc(1.5rem - 2px)}.csat-button.outlined.svelte-1mpg9fp.svelte-1mpg9fp:hover{color:var(--brand-primary-hover-colour);border:2px solid var(--brand-primary-hover-colour)}p.t-and-c-link.svelte-1mpg9fp.svelte-1mpg9fp{font-size:14px;line-height:22px;margin-bottom:unset}p.t-and-c-link.svelte-1mpg9fp a.svelte-1mpg9fp{color:#404040;text-decoration-line:underline}.csat-modal-wrapper.svelte-1mpg9fp.svelte-1mpg9fp{bottom:0;top:0;left:0;right:0;position:absolute;pointer-events:none;height:100vh}@media screen and (max-width: 992px){.csat-modal-wrapper.svelte-1mpg9fp.svelte-1mpg9fp{display:flex;flex-direction:column;justify-content:center;align-items:center}.csat-modal.svelte-1mpg9fp.svelte-1mpg9fp{bottom:unset;left:unset;align-items:center}.csat-modal-body.svelte-1mpg9fp.svelte-1mpg9fp{left:0}}
</style><style>#csat-components{font-family:Inter,system-ui,Avenir,Helvetica,Arial,sans-serif;line-height:1.5;font-weight:400;color-scheme:light dark;color:#fff;background-color:#fff;font-synthesis:none;text-rendering:optimizeLegibility;-webkit-font-smoothing:antialiased;-moz-osx-font-smoothing:grayscale;-webkit-text-size-adjust:100%;--brand-border-colour: #fff;--brand-border-style: none;--brand-border-width: 0;--brand-border-color: #333333;--brand-border-radius: 24px;--brand-font-colour: #fff;--brand-secondary-font-colur: #333;--brand-font-family: MaryAnn, Trebuchet MS, Arial, Helvetica, sans-serif;--brand-secondary-font-family: Arial, Helvetica, sans-serif;--brand-font-size: 18px;--brand-font-header-size: 22px;--brand-primary-colour: rgb(240, 108, 0);--brand-primary-hover-colour: rgb(229, 80, 0);--brand-padding-default: 24px}.feedback.left.svelte-1hfrwdn{left:var(--brand-padding)}.feedback.right.svelte-1hfrwdn{right:var(--brand-padding)}.feedback.top.svelte-1hfrwdn{top:var(--brand-padding)}.feedback.bottom.svelte-1hfrwdn{bottom:var(--brand-padding)}.feedback.bottom-high.svelte-1hfrwdn{bottom:calc(var(--brand-feedback-offset) + var(--brand-padding))}.feedback.pill.svelte-1hfrwdn{border-radius:24px}.feedback.svelte-1hfrwdn:hover{background-color:var(--brand-primary-hover-colour)}.feedback.svelte-1hfrwdn{display:flex;position:fixed;align-items:center;z-index:101;border-color:var(--brand-border-colour);border-style:var(--brand-border-style);border-width:var(--brand-border-width);background-color:var(--brand-primary-colour);min-height:48px;min-width:48px;padding:0 24px 0 0;font-weight:800;font-size:var(--brand-font-size);font-family:var(--brand-font-family);color:var(--brand-font-colour);text-decoration:none;transition-duration:.2s;transition-property:background-color,color;transition-timing-function:ease-out}.csat-feedback-icon.svelte-1hfrwdn{box-sizing:border-box;color:var(--brand-font-colour);font-stretch:100%;height:48px;padding:12px;width:48px}@media all and (max-width: 600px){.feedback.svelte-1hfrwdn{overflow:hidden;padding:0}.hidden-mobile.svelte-1hfrwdn{display:none}}.csat-modal.is-open.svelte-1mpg9fp.svelte-1mpg9fp{opacity:1;visibility:visible;transition:visibility 0s linear 0s,opacity .3s}.csat-modal.svelte-1mpg9fp.svelte-1mpg9fp{opacity:0;transition:visibility 0s linear .3s,opacity .3s;visibility:hidden;position:fixed;bottom:40px;left:20%;z-index:2147483647;font-family:var(--brand-font-family)}.csat-modal-body.svelte-1mpg9fp.svelte-1mpg9fp{background-color:#fff;display:flex;flex-direction:column;align-items:center;box-sizing:border-box;padding:16px;width:343px;border:1px solid #737373;border-radius:2px;font-size:var(--brand-font-size);font-stretch:100%;font-weight:400;line-height:26px;color:#404040;text-align:center;pointer-events:auto}.csat-modal-heading.svelte-1mpg9fp.svelte-1mpg9fp{margin-bottom:10px;margin-top:16px;color:#0c0c0c;font-size:var(--brand-font-header-size);font-stretch:100%;font-weight:800;line-height:26px}.csat-modal-body.svelte-1mpg9fp p.svelte-1mpg9fp{margin-top:0;margin-bottom:32px;font-size:var(--brand-font-size);font-family:var(--brand-secondary-font-family);font-weight:400;line-height:26px}.csat-button.svelte-1mpg9fp.svelte-1mpg9fp{border-radius:2px;min-height:48px;min-width:48px;margin-bottom:16px;font-size:var(--brand-font-size);text-decoration:none;line-height:24px;font-weight:800;transition-duration:.2s;transition-property:background-color,color;transition-timing-function:ease-out}.csat-button.full.svelte-1mpg9fp.svelte-1mpg9fp{width:100%}.csat-button.filled.svelte-1mpg9fp.svelte-1mpg9fp{background-color:var(--brand-primary-colour);color:var(--brand-font-colour);border:none}.csat-button.svelte-1mpg9fp.svelte-1mpg9fp:hover{background-color:var(--brand-primary-hover-colour);border:2px solid var(--brand-primary-hover-colour)}.csat-button.outlined.svelte-1mpg9fp.svelte-1mpg9fp{background-color:#fff;color:var(--brand-primary-colour);border:2px solid var(--brand-primary-colour);padding:calc(.5rem - 2px) calc(1.5rem - 2px)}.csat-button.outlined.svelte-1mpg9fp.svelte-1mpg9fp:hover{color:var(--brand-primary-hover-colour);border:2px solid var(--brand-primary-hover-colour)}p.t-and-c-link.svelte-1mpg9fp.svelte-1mpg9fp{font-size:14px;line-height:22px;margin-bottom:unset}p.t-and-c-link.svelte-1mpg9fp a.svelte-1mpg9fp{color:#404040;text-decoration-line:underline}.csat-modal-wrapper.svelte-1mpg9fp.svelte-1mpg9fp{bottom:0;top:0;left:0;right:0;position:absolute;pointer-events:none;height:100vh}@media screen and (max-width: 992px){.csat-modal-wrapper.svelte-1mpg9fp.svelte-1mpg9fp{display:flex;flex-direction:column;justify-content:center;align-items:center}.csat-modal.svelte-1mpg9fp.svelte-1mpg9fp{bottom:unset;left:unset;align-items:center}.csat-modal-body.svelte-1mpg9fp.svelte-1mpg9fp{left:0}}
</style><script src="https://bat.bing.com/p/action/5683589.js" type="text/javascript" async="" data-ueto="ueto_df03081db5"></script><script src="https://bat.bing.com/p/action/5713924.js" type="text/javascript" async="" data-ueto="ueto_c908ff4a40"></script><style id="onetrust-style">#onetrust-banner-sdk .onetrust-vendors-list-handler{cursor:pointer;color:#1f96db;font-size:inherit;font-weight:bold;text-decoration:none;margin-left:5px}#onetrust-banner-sdk .onetrust-vendors-list-handler:hover{color:#1f96db}#onetrust-banner-sdk:focus{outline:2px solid #000;outline-offset:-2px}#onetrust-banner-sdk a:focus{outline:2px solid #000}#onetrust-banner-sdk #onetrust-accept-btn-handler,#onetrust-banner-sdk #onetrust-reject-all-handler,#onetrust-banner-sdk #onetrust-pc-btn-handler{outline-offset:1px}#onetrust-banner-sdk.ot-bnr-w-logo .ot-bnr-logo{height:64px;width:64px}#onetrust-banner-sdk .ot-tcf2-vendor-count.ot-text-bold{font-weight:bold}#onetrust-banner-sdk .ot-close-icon,#onetrust-pc-sdk .ot-close-icon,#ot-sync-ntfy .ot-close-icon{background-size:contain;background-repeat:no-repeat;background-position:center;height:12px;width:12px}#onetrust-banner-sdk .powered-by-logo,#onetrust-banner-sdk .ot-pc-footer-logo a,#onetrust-pc-sdk .powered-by-logo,#onetrust-pc-sdk .ot-pc-footer-logo a,#ot-sync-ntfy .powered-by-logo,#ot-sync-ntfy .ot-pc-footer-logo a{background-size:contain;background-repeat:no-repeat;background-position:center;height:25px;width:152px;display:block;text-decoration:none;font-size:.75em}#onetrust-banner-sdk .powered-by-logo:hover,#onetrust-banner-sdk .ot-pc-footer-logo a:hover,#onetrust-pc-sdk .powered-by-logo:hover,#onetrust-pc-sdk .ot-pc-footer-logo a:hover,#ot-sync-ntfy .powered-by-logo:hover,#ot-sync-ntfy .ot-pc-footer-logo a:hover{color:#565656}#onetrust-banner-sdk h3 *,#onetrust-banner-sdk h4 *,#onetrust-banner-sdk h6 *,#onetrust-banner-sdk button *,#onetrust-banner-sdk a[data-parent-id] *,#onetrust-pc-sdk h3 *,#onetrust-pc-sdk h4 *,#onetrust-pc-sdk h6 *,#onetrust-pc-sdk button *,#onetrust-pc-sdk a[data-parent-id] *,#ot-sync-ntfy h3 *,#ot-sync-ntfy h4 *,#ot-sync-ntfy h6 *,#ot-sync-ntfy button *,#ot-sync-ntfy a[data-parent-id] *{font-size:inherit;font-weight:inherit;color:inherit}#onetrust-banner-sdk .ot-hide,#onetrust-pc-sdk .ot-hide,#ot-sync-ntfy .ot-hide{display:none !important}#onetrust-banner-sdk button.ot-link-btn:hover,#onetrust-pc-sdk button.ot-link-btn:hover,#ot-sync-ntfy button.ot-link-btn:hover{text-decoration:underline;opacity:1}#onetrust-pc-sdk .ot-sdk-row .ot-sdk-column{padding:0}#onetrust-pc-sdk .ot-sdk-container{padding-right:0}#onetrust-pc-sdk .ot-sdk-row{flex-direction:initial;width:100%}#onetrust-pc-sdk [type=checkbox]:checked,#onetrust-pc-sdk [type=checkbox]:not(:checked){pointer-events:initial}#onetrust-pc-sdk [type=checkbox]:disabled+label::before,#onetrust-pc-sdk [type=checkbox]:disabled+label:after,#onetrust-pc-sdk [type=checkbox]:disabled+label{pointer-events:none;opacity:.8}#onetrust-pc-sdk #vendor-list-content{transform:translate3d(0, 0, 0)}#onetrust-pc-sdk li input[type=checkbox]{z-index:1}#onetrust-pc-sdk li .ot-checkbox label{z-index:2}#onetrust-pc-sdk li .ot-checkbox input[type=checkbox]{height:auto;width:auto}#onetrust-pc-sdk li .host-title a,#onetrust-pc-sdk li .ot-host-name a,#onetrust-pc-sdk li .accordion-text,#onetrust-pc-sdk li .ot-acc-txt{z-index:2;position:relative}#onetrust-pc-sdk input{margin:3px .1ex}#onetrust-pc-sdk .pc-logo,#onetrust-pc-sdk .ot-pc-logo{height:60px;width:180px;background-position:center;background-size:contain;background-repeat:no-repeat;display:inline-flex;justify-content:center;align-items:center}#onetrust-pc-sdk .pc-logo img,#onetrust-pc-sdk .ot-pc-logo img{max-height:100%;max-width:100%}#onetrust-pc-sdk .screen-reader-only,#onetrust-pc-sdk .ot-scrn-rdr,.ot-sdk-cookie-policy .screen-reader-only,.ot-sdk-cookie-policy .ot-scrn-rdr{border:0;clip:rect(0 0 0 0);height:1px;margin:-1px;overflow:hidden;padding:0;position:absolute;width:1px}#onetrust-pc-sdk.ot-fade-in,.onetrust-pc-dark-filter.ot-fade-in,#onetrust-banner-sdk.ot-fade-in{animation-name:onetrust-fade-in;animation-duration:400ms;animation-timing-function:ease-in-out}#onetrust-pc-sdk.ot-hide{display:none !important}.onetrust-pc-dark-filter.ot-hide{display:none !important}#ot-sdk-btn.ot-sdk-show-settings,#ot-sdk-btn.optanon-show-settings{color:#fff;background-color:#468254;height:auto;white-space:normal;word-wrap:break-word;padding:.8em 2em;font-size:.8em;line-height:1.2;cursor:pointer;-moz-transition:.1s ease;-o-transition:.1s ease;-webkit-transition:1s ease;transition:.1s ease}#ot-sdk-btn.ot-sdk-show-settings:hover,#ot-sdk-btn.optanon-show-settings:hover{color:#fff;background-color:#2c6415}#ot-sdk-btn.ot-sdk-show-settings:active,#ot-sdk-btn.optanon-show-settings:active{color:#fff;background-color:#2c6415;border:1px solid rgba(162,192,169,.5)}.onetrust-pc-dark-filter{background:rgba(0,0,0,.5);z-index:2147483646;width:100%;height:100%;overflow:hidden;position:fixed;top:0;bottom:0;left:0}@keyframes onetrust-fade-in{0%{opacity:0}100%{opacity:1}}.ot-cookie-label{text-decoration:underline}@media only screen and (min-width: 426px)and (max-width: 896px)and (orientation: landscape){#onetrust-pc-sdk p{font-size:.75em}}#onetrust-banner-sdk .banner-option-input:focus+label{outline:1px solid #000;outline-style:auto}.category-vendors-list-handler+a:focus,.category-vendors-list-handler+a:focus-visible{outline:2px solid #000}#onetrust-pc-sdk .ot-userid-title{margin-top:10px}#onetrust-pc-sdk .ot-userid-title>span,#onetrust-pc-sdk .ot-userid-timestamp>span{font-weight:700}#onetrust-pc-sdk .ot-userid-desc{font-style:italic}#onetrust-pc-sdk .ot-host-desc a{pointer-events:initial}#onetrust-pc-sdk .ot-ven-hdr>p a{position:relative;z-index:2;pointer-events:initial}#onetrust-pc-sdk .ot-vnd-serv .ot-vnd-item .ot-vnd-info a,#onetrust-pc-sdk .ot-vs-list .ot-vnd-item .ot-vnd-info a{margin-right:auto}#onetrust-pc-sdk .ot-pc-footer-logo img{width:136px;height:16px}#onetrust-pc-sdk .ot-pur-vdr-count{font-weight:400;font-size:.7rem;padding-top:3px;display:block}#onetrust-banner-sdk .ot-optout-signal,#onetrust-pc-sdk .ot-optout-signal{border:1px solid #32ae88;border-radius:3px;padding:5px;margin-bottom:10px;background-color:#f9fffa;font-size:.85rem;line-height:2}#onetrust-banner-sdk .ot-optout-signal .ot-optout-icon,#onetrust-pc-sdk .ot-optout-signal .ot-optout-icon{display:inline;margin-right:5px}#onetrust-banner-sdk .ot-optout-signal svg,#onetrust-pc-sdk .ot-optout-signal svg{height:20px;width:30px;transform:scale(0.5)}#onetrust-banner-sdk .ot-optout-signal svg path,#onetrust-pc-sdk .ot-optout-signal svg path{fill:#32ae88}#onetrust-consent-sdk .ot-general-modal{overflow:hidden;position:fixed;margin:0 auto;top:50%;left:50%;width:40%;padding:1.5rem;max-width:575px;min-width:575px;z-index:2147483647;border-radius:2.5px;transform:translate(-50%, -50%)}#onetrust-consent-sdk .ot-signature-health-group{margin-top:1rem;padding-left:1.25rem;padding-right:1.25rem;margin-bottom:.625rem;width:calc(100% - 2.5rem)}#onetrust-consent-sdk .ot-signature-health-group .ot-signature-health-form{gap:.5rem}#onetrust-consent-sdk .ot-signature-health .ot-signature-health-form{width:70%;gap:.35rem}#onetrust-consent-sdk .ot-signature-health .ot-signature-input{height:38px;padding:6px 10px;background-color:#fff;border:1px solid #d1d1d1;border-radius:4px;box-shadow:none;box-sizing:border-box}#onetrust-consent-sdk .ot-signature-health .ot-signature-subtitle{font-size:1.125rem}#onetrust-consent-sdk .ot-signature-health .ot-signature-group-title{font-size:1.25rem;font-weight:bold}#onetrust-consent-sdk .ot-signature-health,#onetrust-consent-sdk .ot-signature-health-group{display:flex;flex-direction:column;gap:1rem}#onetrust-consent-sdk .ot-signature-health .ot-signature-cont,#onetrust-consent-sdk .ot-signature-health-group .ot-signature-cont{display:flex;flex-direction:column;gap:.25rem}#onetrust-consent-sdk .ot-signature-health .ot-signature-paragraph,#onetrust-consent-sdk .ot-signature-health-group .ot-signature-paragraph{margin:0;line-height:20px;font-size:max(14px,.875rem)}#onetrust-consent-sdk .ot-signature-health .ot-health-signature-error,#onetrust-consent-sdk .ot-signature-health-group .ot-health-signature-error{color:#4d4d4d;font-size:min(12px,.75rem)}#onetrust-consent-sdk .ot-signature-health .ot-signature-buttons-cont,#onetrust-consent-sdk .ot-signature-health-group .ot-signature-buttons-cont{margin-top:max(.75rem,2%);gap:1rem;display:flex;justify-content:flex-end}#onetrust-consent-sdk .ot-signature-health .ot-signature-button,#onetrust-consent-sdk .ot-signature-health-group .ot-signature-button{flex:1;height:auto;color:#fff;cursor:pointer;line-height:1.2;min-width:125px;font-weight:600;font-size:.813em;border-radius:2px;padding:12px 10px;white-space:normal;word-wrap:break-word;word-break:break-word;background-color:#68b631;border:2px solid #68b631}#onetrust-consent-sdk .ot-signature-health .ot-signature-button.reject,#onetrust-consent-sdk .ot-signature-health-group .ot-signature-button.reject{background-color:#fff}#onetrust-consent-sdk .ot-input-field-cont{display:flex;flex-direction:column;gap:.5rem}#onetrust-consent-sdk .ot-input-field-cont .ot-signature-input{width:65%}#onetrust-consent-sdk .ot-signature-health-form{display:flex;flex-direction:column}#onetrust-consent-sdk .ot-signature-health-form .ot-signature-label{margin-bottom:0;line-height:20px;font-size:max(14px,.875rem)}@media only screen and (max-width: 600px){#onetrust-consent-sdk .ot-general-modal{min-width:100%}#onetrust-consent-sdk .ot-signature-health .ot-signature-health-form{width:100%}#onetrust-consent-sdk .ot-input-field-cont .ot-signature-input{width:100%}}#onetrust-banner-sdk,#onetrust-pc-sdk,#ot-sdk-cookie-policy,#ot-sync-ntfy{font-size:16px}#onetrust-banner-sdk *,#onetrust-banner-sdk ::after,#onetrust-banner-sdk ::before,#onetrust-pc-sdk *,#onetrust-pc-sdk ::after,#onetrust-pc-sdk ::before,#ot-sdk-cookie-policy *,#ot-sdk-cookie-policy ::after,#ot-sdk-cookie-policy ::before,#ot-sync-ntfy *,#ot-sync-ntfy ::after,#ot-sync-ntfy ::before{-webkit-box-sizing:content-box;-moz-box-sizing:content-box;box-sizing:content-box}#onetrust-banner-sdk div,#onetrust-banner-sdk span,#onetrust-banner-sdk h1,#onetrust-banner-sdk h2,#onetrust-banner-sdk h3,#onetrust-banner-sdk h4,#onetrust-banner-sdk h5,#onetrust-banner-sdk h6,#onetrust-banner-sdk p,#onetrust-banner-sdk img,#onetrust-banner-sdk svg,#onetrust-banner-sdk button,#onetrust-banner-sdk section,#onetrust-banner-sdk a,#onetrust-banner-sdk label,#onetrust-banner-sdk input,#onetrust-banner-sdk ul,#onetrust-banner-sdk li,#onetrust-banner-sdk nav,#onetrust-banner-sdk table,#onetrust-banner-sdk thead,#onetrust-banner-sdk tr,#onetrust-banner-sdk td,#onetrust-banner-sdk tbody,#onetrust-banner-sdk .ot-main-content,#onetrust-banner-sdk .ot-toggle,#onetrust-banner-sdk #ot-content,#onetrust-banner-sdk #ot-pc-content,#onetrust-banner-sdk .checkbox,#onetrust-pc-sdk div,#onetrust-pc-sdk span,#onetrust-pc-sdk h1,#onetrust-pc-sdk h2,#onetrust-pc-sdk h3,#onetrust-pc-sdk h4,#onetrust-pc-sdk h5,#onetrust-pc-sdk h6,#onetrust-pc-sdk p,#onetrust-pc-sdk img,#onetrust-pc-sdk svg,#onetrust-pc-sdk button,#onetrust-pc-sdk section,#onetrust-pc-sdk a,#onetrust-pc-sdk label,#onetrust-pc-sdk input,#onetrust-pc-sdk ul,#onetrust-pc-sdk li,#onetrust-pc-sdk nav,#onetrust-pc-sdk table,#onetrust-pc-sdk thead,#onetrust-pc-sdk tr,#onetrust-pc-sdk td,#onetrust-pc-sdk tbody,#onetrust-pc-sdk .ot-main-content,#onetrust-pc-sdk .ot-toggle,#onetrust-pc-sdk #ot-content,#onetrust-pc-sdk #ot-pc-content,#onetrust-pc-sdk .checkbox,#ot-sdk-cookie-policy div,#ot-sdk-cookie-policy span,#ot-sdk-cookie-policy h1,#ot-sdk-cookie-policy h2,#ot-sdk-cookie-policy h3,#ot-sdk-cookie-policy h4,#ot-sdk-cookie-policy h5,#ot-sdk-cookie-policy h6,#ot-sdk-cookie-policy p,#ot-sdk-cookie-policy img,#ot-sdk-cookie-policy svg,#ot-sdk-cookie-policy button,#ot-sdk-cookie-policy section,#ot-sdk-cookie-policy a,#ot-sdk-cookie-policy label,#ot-sdk-cookie-policy input,#ot-sdk-cookie-policy ul,#ot-sdk-cookie-policy li,#ot-sdk-cookie-policy nav,#ot-sdk-cookie-policy table,#ot-sdk-cookie-policy thead,#ot-sdk-cookie-policy tr,#ot-sdk-cookie-policy td,#ot-sdk-cookie-policy tbody,#ot-sdk-cookie-policy .ot-main-content,#ot-sdk-cookie-policy .ot-toggle,#ot-sdk-cookie-policy #ot-content,#ot-sdk-cookie-policy #ot-pc-content,#ot-sdk-cookie-policy .checkbox,#ot-sync-ntfy div,#ot-sync-ntfy span,#ot-sync-ntfy h1,#ot-sync-ntfy h2,#ot-sync-ntfy h3,#ot-sync-ntfy h4,#ot-sync-ntfy h5,#ot-sync-ntfy h6,#ot-sync-ntfy p,#ot-sync-ntfy img,#ot-sync-ntfy svg,#ot-sync-ntfy button,#ot-sync-ntfy section,#ot-sync-ntfy a,#ot-sync-ntfy label,#ot-sync-ntfy input,#ot-sync-ntfy ul,#ot-sync-ntfy li,#ot-sync-ntfy nav,#ot-sync-ntfy table,#ot-sync-ntfy thead,#ot-sync-ntfy tr,#ot-sync-ntfy td,#ot-sync-ntfy tbody,#ot-sync-ntfy .ot-main-content,#ot-sync-ntfy .ot-toggle,#ot-sync-ntfy #ot-content,#ot-sync-ntfy #ot-pc-content,#ot-sync-ntfy .checkbox{font-family:inherit;font-weight:normal;-webkit-font-smoothing:auto;letter-spacing:normal;line-height:normal;padding:0;margin:0;height:auto;min-height:0;max-height:none;width:auto;min-width:0;max-width:none;border-radius:0;border:none;clear:none;float:none;position:static;bottom:auto;left:auto;right:auto;top:auto;text-align:left;text-decoration:none;text-indent:0;text-shadow:none;text-transform:none;white-space:normal;background:none;overflow:visible;vertical-align:baseline;visibility:visible;z-index:auto;box-shadow:none}#onetrust-banner-sdk label:before,#onetrust-banner-sdk label:after,#onetrust-banner-sdk .checkbox:after,#onetrust-banner-sdk .checkbox:before,#onetrust-pc-sdk label:before,#onetrust-pc-sdk label:after,#onetrust-pc-sdk .checkbox:after,#onetrust-pc-sdk .checkbox:before,#ot-sdk-cookie-policy label:before,#ot-sdk-cookie-policy label:after,#ot-sdk-cookie-policy .checkbox:after,#ot-sdk-cookie-policy .checkbox:before,#ot-sync-ntfy label:before,#ot-sync-ntfy label:after,#ot-sync-ntfy .checkbox:after,#ot-sync-ntfy .checkbox:before{content:"";content:none}#onetrust-banner-sdk .ot-sdk-container,#onetrust-pc-sdk .ot-sdk-container,#ot-sdk-cookie-policy .ot-sdk-container{position:relative;width:100%;max-width:100%;margin:0 auto;padding:0 20px;box-sizing:border-box}#onetrust-banner-sdk .ot-sdk-column,#onetrust-banner-sdk .ot-sdk-columns,#onetrust-pc-sdk .ot-sdk-column,#onetrust-pc-sdk .ot-sdk-columns,#ot-sdk-cookie-policy .ot-sdk-column,#ot-sdk-cookie-policy .ot-sdk-columns{width:100%;float:left;box-sizing:border-box;padding:0;display:initial}@media(min-width: 400px){#onetrust-banner-sdk .ot-sdk-container,#onetrust-pc-sdk .ot-sdk-container,#ot-sdk-cookie-policy .ot-sdk-container{width:90%;padding:0}}@media(min-width: 550px){#onetrust-banner-sdk .ot-sdk-container,#onetrust-pc-sdk .ot-sdk-container,#ot-sdk-cookie-policy .ot-sdk-container{width:100%}#onetrust-banner-sdk .ot-sdk-column,#onetrust-banner-sdk .ot-sdk-columns,#onetrust-pc-sdk .ot-sdk-column,#onetrust-pc-sdk .ot-sdk-columns,#ot-sdk-cookie-policy .ot-sdk-column,#ot-sdk-cookie-policy .ot-sdk-columns{margin-left:4%}#onetrust-banner-sdk .ot-sdk-column:first-child,#onetrust-banner-sdk .ot-sdk-columns:first-child,#onetrust-pc-sdk .ot-sdk-column:first-child,#onetrust-pc-sdk .ot-sdk-columns:first-child,#ot-sdk-cookie-policy .ot-sdk-column:first-child,#ot-sdk-cookie-policy .ot-sdk-columns:first-child{margin-left:0}#onetrust-banner-sdk .ot-sdk-two.ot-sdk-columns,#onetrust-pc-sdk .ot-sdk-two.ot-sdk-columns,#ot-sdk-cookie-policy .ot-sdk-two.ot-sdk-columns{width:13.3333333333%}#onetrust-banner-sdk .ot-sdk-three.ot-sdk-columns,#onetrust-pc-sdk .ot-sdk-three.ot-sdk-columns,#ot-sdk-cookie-policy .ot-sdk-three.ot-sdk-columns{width:22%}#onetrust-banner-sdk .ot-sdk-four.ot-sdk-columns,#onetrust-pc-sdk .ot-sdk-four.ot-sdk-columns,#ot-sdk-cookie-policy .ot-sdk-four.ot-sdk-columns{width:30.6666666667%}#onetrust-banner-sdk .ot-sdk-eight.ot-sdk-columns,#onetrust-pc-sdk .ot-sdk-eight.ot-sdk-columns,#ot-sdk-cookie-policy .ot-sdk-eight.ot-sdk-columns{width:65.3333333333%}#onetrust-banner-sdk .ot-sdk-nine.ot-sdk-columns,#onetrust-pc-sdk .ot-sdk-nine.ot-sdk-columns,#ot-sdk-cookie-policy .ot-sdk-nine.ot-sdk-columns{width:74%}#onetrust-banner-sdk .ot-sdk-ten.ot-sdk-columns,#onetrust-pc-sdk .ot-sdk-ten.ot-sdk-columns,#ot-sdk-cookie-policy .ot-sdk-ten.ot-sdk-columns{width:82.6666666667%}#onetrust-banner-sdk .ot-sdk-eleven.ot-sdk-columns,#onetrust-pc-sdk .ot-sdk-eleven.ot-sdk-columns,#ot-sdk-cookie-policy .ot-sdk-eleven.ot-sdk-columns{width:91.3333333333%}#onetrust-banner-sdk .ot-sdk-twelve.ot-sdk-columns,#onetrust-pc-sdk .ot-sdk-twelve.ot-sdk-columns,#ot-sdk-cookie-policy .ot-sdk-twelve.ot-sdk-columns{width:100%;margin-left:0}}#onetrust-banner-sdk h1,#onetrust-banner-sdk h2,#onetrust-banner-sdk h3,#onetrust-banner-sdk h4,#onetrust-banner-sdk h5,#onetrust-banner-sdk h6,#onetrust-pc-sdk h1,#onetrust-pc-sdk h2,#onetrust-pc-sdk h3,#onetrust-pc-sdk h4,#onetrust-pc-sdk h5,#onetrust-pc-sdk h6,#ot-sdk-cookie-policy h1,#ot-sdk-cookie-policy h2,#ot-sdk-cookie-policy h3,#ot-sdk-cookie-policy h4,#ot-sdk-cookie-policy h5,#ot-sdk-cookie-policy h6{margin-top:0;font-weight:600;font-family:inherit}#onetrust-banner-sdk h1,#onetrust-pc-sdk h1,#ot-sdk-cookie-policy h1{font-size:1.5rem;line-height:1.2}#onetrust-banner-sdk h2,#onetrust-pc-sdk h2,#ot-sdk-cookie-policy h2{font-size:1.5rem;line-height:1.25}#onetrust-banner-sdk h3,#onetrust-pc-sdk h3,#ot-sdk-cookie-policy h3{font-size:1.5rem;line-height:1.3}#onetrust-banner-sdk h4,#onetrust-pc-sdk h4,#ot-sdk-cookie-policy h4{font-size:1.5rem;line-height:1.35}#onetrust-banner-sdk h5,#onetrust-pc-sdk h5,#ot-sdk-cookie-policy h5{font-size:1.5rem;line-height:1.5}#onetrust-banner-sdk h6,#onetrust-pc-sdk h6,#ot-sdk-cookie-policy h6{font-size:1.5rem;line-height:1.6}@media(min-width: 550px){#onetrust-banner-sdk h1,#onetrust-pc-sdk h1,#ot-sdk-cookie-policy h1{font-size:1.5rem}#onetrust-banner-sdk h2,#onetrust-pc-sdk h2,#ot-sdk-cookie-policy h2{font-size:1.5rem}#onetrust-banner-sdk h3,#onetrust-pc-sdk h3,#ot-sdk-cookie-policy h3{font-size:1.5rem}#onetrust-banner-sdk h4,#onetrust-pc-sdk h4,#ot-sdk-cookie-policy h4{font-size:1.5rem}#onetrust-banner-sdk h5,#onetrust-pc-sdk h5,#ot-sdk-cookie-policy h5{font-size:1.5rem}#onetrust-banner-sdk h6,#onetrust-pc-sdk h6,#ot-sdk-cookie-policy h6{font-size:1.5rem}}#onetrust-banner-sdk p,#onetrust-pc-sdk p,#ot-sdk-cookie-policy p{margin:0 0 1em 0;font-family:inherit;line-height:normal}#onetrust-banner-sdk a,#onetrust-pc-sdk a,#ot-sdk-cookie-policy a{color:#565656;text-decoration:underline}#onetrust-banner-sdk a:hover,#onetrust-pc-sdk a:hover,#ot-sdk-cookie-policy a:hover{color:#565656;text-decoration:none}#onetrust-banner-sdk .ot-sdk-button,#onetrust-banner-sdk button,#onetrust-pc-sdk .ot-sdk-button,#onetrust-pc-sdk button,#ot-sdk-cookie-policy .ot-sdk-button,#ot-sdk-cookie-policy button{margin-bottom:1rem;font-family:inherit}#onetrust-banner-sdk .ot-sdk-button,#onetrust-banner-sdk button,#onetrust-pc-sdk .ot-sdk-button,#onetrust-pc-sdk button,#ot-sdk-cookie-policy .ot-sdk-button,#ot-sdk-cookie-policy button{display:inline-block;height:38px;padding:0 30px;color:#555;text-align:center;font-size:.9em;font-weight:400;line-height:38px;letter-spacing:.01em;text-decoration:none;white-space:nowrap;background-color:rgba(0,0,0,0);border-radius:2px;border:1px solid #bbb;cursor:pointer;box-sizing:border-box}#onetrust-banner-sdk .ot-sdk-button:hover,#onetrust-banner-sdk :not(.ot-leg-btn-container)>button:not(.ot-link-btn):hover,#onetrust-banner-sdk :not(.ot-leg-btn-container)>button:not(.ot-link-btn):focus,#onetrust-pc-sdk .ot-sdk-button:hover,#onetrust-pc-sdk :not(.ot-leg-btn-container)>button:not(.ot-link-btn):hover,#onetrust-pc-sdk :not(.ot-leg-btn-container)>button:not(.ot-link-btn):focus,#ot-sdk-cookie-policy .ot-sdk-button:hover,#ot-sdk-cookie-policy :not(.ot-leg-btn-container)>button:not(.ot-link-btn):hover,#ot-sdk-cookie-policy :not(.ot-leg-btn-container)>button:not(.ot-link-btn):focus{color:#333;border-color:#888;opacity:.9}#onetrust-banner-sdk .ot-sdk-button:focus,#onetrust-banner-sdk :not(.ot-leg-btn-container)>button:focus,#onetrust-pc-sdk .ot-sdk-button:focus,#onetrust-pc-sdk :not(.ot-leg-btn-container)>button:focus,#ot-sdk-cookie-policy .ot-sdk-button:focus,#ot-sdk-cookie-policy :not(.ot-leg-btn-container)>button:focus{outline:2px solid #000}#onetrust-banner-sdk .ot-sdk-button.ot-sdk-button-primary,#onetrust-banner-sdk button.ot-sdk-button-primary,#onetrust-banner-sdk input[type=submit].ot-sdk-button-primary,#onetrust-banner-sdk input[type=reset].ot-sdk-button-primary,#onetrust-banner-sdk input[type=button].ot-sdk-button-primary,#onetrust-pc-sdk .ot-sdk-button.ot-sdk-button-primary,#onetrust-pc-sdk button.ot-sdk-button-primary,#onetrust-pc-sdk input[type=submit].ot-sdk-button-primary,#onetrust-pc-sdk input[type=reset].ot-sdk-button-primary,#onetrust-pc-sdk input[type=button].ot-sdk-button-primary,#ot-sdk-cookie-policy .ot-sdk-button.ot-sdk-button-primary,#ot-sdk-cookie-policy button.ot-sdk-button-primary,#ot-sdk-cookie-policy input[type=submit].ot-sdk-button-primary,#ot-sdk-cookie-policy input[type=reset].ot-sdk-button-primary,#ot-sdk-cookie-policy input[type=button].ot-sdk-button-primary{color:#fff;background-color:#33c3f0;border-color:#33c3f0}#onetrust-banner-sdk .ot-sdk-button.ot-sdk-button-primary:hover,#onetrust-banner-sdk button.ot-sdk-button-primary:hover,#onetrust-banner-sdk input[type=submit].ot-sdk-button-primary:hover,#onetrust-banner-sdk input[type=reset].ot-sdk-button-primary:hover,#onetrust-banner-sdk input[type=button].ot-sdk-button-primary:hover,#onetrust-banner-sdk .ot-sdk-button.ot-sdk-button-primary:focus,#onetrust-banner-sdk button.ot-sdk-button-primary:focus,#onetrust-banner-sdk input[type=submit].ot-sdk-button-primary:focus,#onetrust-banner-sdk input[type=reset].ot-sdk-button-primary:focus,#onetrust-banner-sdk input[type=button].ot-sdk-button-primary:focus,#onetrust-pc-sdk .ot-sdk-button.ot-sdk-button-primary:hover,#onetrust-pc-sdk button.ot-sdk-button-primary:hover,#onetrust-pc-sdk input[type=submit].ot-sdk-button-primary:hover,#onetrust-pc-sdk input[type=reset].ot-sdk-button-primary:hover,#onetrust-pc-sdk input[type=button].ot-sdk-button-primary:hover,#onetrust-pc-sdk .ot-sdk-button.ot-sdk-button-primary:focus,#onetrust-pc-sdk button.ot-sdk-button-primary:focus,#onetrust-pc-sdk input[type=submit].ot-sdk-button-primary:focus,#onetrust-pc-sdk input[type=reset].ot-sdk-button-primary:focus,#onetrust-pc-sdk input[type=button].ot-sdk-button-primary:focus,#ot-sdk-cookie-policy .ot-sdk-button.ot-sdk-button-primary:hover,#ot-sdk-cookie-policy button.ot-sdk-button-primary:hover,#ot-sdk-cookie-policy input[type=submit].ot-sdk-button-primary:hover,#ot-sdk-cookie-policy input[type=reset].ot-sdk-button-primary:hover,#ot-sdk-cookie-policy input[type=button].ot-sdk-button-primary:hover,#ot-sdk-cookie-policy .ot-sdk-button.ot-sdk-button-primary:focus,#ot-sdk-cookie-policy button.ot-sdk-button-primary:focus,#ot-sdk-cookie-policy input[type=submit].ot-sdk-button-primary:focus,#ot-sdk-cookie-policy input[type=reset].ot-sdk-button-primary:focus,#ot-sdk-cookie-policy input[type=button].ot-sdk-button-primary:focus{color:#fff;background-color:#1eaedb;border-color:#1eaedb}#onetrust-banner-sdk input[type=text],#onetrust-pc-sdk input[type=text],#ot-sdk-cookie-policy input[type=text]{height:38px;padding:6px 10px;background-color:#fff;border:1px solid #d1d1d1;border-radius:4px;box-shadow:none;box-sizing:border-box}#onetrust-banner-sdk input[type=text],#onetrust-pc-sdk input[type=text],#ot-sdk-cookie-policy input[type=text]{-webkit-appearance:none;-moz-appearance:none;appearance:none}#onetrust-banner-sdk input[type=text]:focus,#onetrust-pc-sdk input[type=text]:focus,#ot-sdk-cookie-policy input[type=text]:focus{border:1px solid #000;outline:0}#onetrust-banner-sdk label,#onetrust-pc-sdk label,#ot-sdk-cookie-policy label{display:block;margin-bottom:.5rem;font-weight:600}#onetrust-banner-sdk input[type=checkbox],#onetrust-pc-sdk input[type=checkbox],#ot-sdk-cookie-policy input[type=checkbox]{display:inline}#onetrust-banner-sdk ul,#onetrust-pc-sdk ul,#ot-sdk-cookie-policy ul{list-style:circle inside}#onetrust-banner-sdk ul,#onetrust-pc-sdk ul,#ot-sdk-cookie-policy ul{padding-left:0;margin-top:0}#onetrust-banner-sdk ul ul,#onetrust-pc-sdk ul ul,#ot-sdk-cookie-policy ul ul{margin:1.5rem 0 1.5rem 3rem;font-size:90%}#onetrust-banner-sdk li,#onetrust-pc-sdk li,#ot-sdk-cookie-policy li{margin-bottom:1rem}#onetrust-banner-sdk th,#onetrust-banner-sdk td,#onetrust-pc-sdk th,#onetrust-pc-sdk td,#ot-sdk-cookie-policy th,#ot-sdk-cookie-policy td{padding:12px 15px;text-align:left;border-bottom:1px solid #e1e1e1}#onetrust-banner-sdk button,#onetrust-pc-sdk button,#ot-sdk-cookie-policy button{margin-bottom:1rem;font-family:inherit}#onetrust-banner-sdk .ot-sdk-container:after,#onetrust-banner-sdk .ot-sdk-row:after,#onetrust-pc-sdk .ot-sdk-container:after,#onetrust-pc-sdk .ot-sdk-row:after,#ot-sdk-cookie-policy .ot-sdk-container:after,#ot-sdk-cookie-policy .ot-sdk-row:after{content:"";display:table;clear:both}#onetrust-banner-sdk .ot-sdk-row,#onetrust-pc-sdk .ot-sdk-row,#ot-sdk-cookie-policy .ot-sdk-row{margin:0;max-width:none;display:block}#onetrust-banner-sdk{box-shadow:0 0 18px rgba(0,0,0,.2)}#onetrust-banner-sdk.otFlat{position:fixed;z-index:2147483645;bottom:0;right:0;left:0;background-color:#fff;max-height:90%;overflow-x:hidden;overflow-y:auto}#onetrust-banner-sdk.otFlat.top{top:0px;bottom:auto}#onetrust-banner-sdk.otRelFont{font-size:1rem}#onetrust-banner-sdk>.ot-sdk-container{overflow:hidden}#onetrust-banner-sdk::-webkit-scrollbar{width:11px}#onetrust-banner-sdk::-webkit-scrollbar-thumb{border-radius:10px;background:#c1c1c1}#onetrust-banner-sdk{scrollbar-arrow-color:#c1c1c1;scrollbar-darkshadow-color:#c1c1c1;scrollbar-face-color:#c1c1c1;scrollbar-shadow-color:#c1c1c1}#onetrust-banner-sdk #onetrust-policy{margin:1.25em 0 .625em 2em;overflow:hidden}#onetrust-banner-sdk #onetrust-policy .ot-gv-list-handler{float:left;font-size:.82em;padding:0;margin-bottom:0;border:0;line-height:normal;height:auto;width:auto}#onetrust-banner-sdk #onetrust-policy-title{font-size:1.2em;line-height:1.3;margin-bottom:10px}#onetrust-banner-sdk #onetrust-policy-text{clear:both;text-align:left;font-size:.88em;line-height:1.4}#onetrust-banner-sdk #onetrust-policy-text *{font-size:inherit;line-height:inherit}#onetrust-banner-sdk #onetrust-policy-text a{font-weight:bold;margin-left:5px}#onetrust-banner-sdk #onetrust-policy-title,#onetrust-banner-sdk #onetrust-policy-text{color:dimgray;float:left}#onetrust-banner-sdk #onetrust-button-group-parent{min-height:1px;text-align:center}#onetrust-banner-sdk #onetrust-button-group{display:inline-block}#onetrust-banner-sdk #onetrust-accept-btn-handler,#onetrust-banner-sdk #onetrust-reject-all-handler,#onetrust-banner-sdk #onetrust-pc-btn-handler{background-color:#68b631;color:#fff;border-color:#68b631;margin-right:1em;min-width:125px;height:auto;white-space:normal;word-break:break-word;word-wrap:break-word;padding:12px 10px;line-height:1.2;font-size:.813em;font-weight:600}#onetrust-banner-sdk #onetrust-pc-btn-handler.cookie-setting-link{background-color:#fff;border:none;color:#68b631;text-decoration:underline;padding-left:0;padding-right:0}#onetrust-banner-sdk .onetrust-close-btn-ui{width:44px;height:44px;background-size:12px;border:none;position:relative;margin:auto;padding:0}#onetrust-banner-sdk .banner_logo{display:none}#onetrust-banner-sdk.ot-bnr-w-logo .ot-bnr-logo{position:absolute;top:50%;transform:translateY(-50%);left:0px}#onetrust-banner-sdk.ot-bnr-w-logo #onetrust-policy{margin-left:65px}#onetrust-banner-sdk .ot-b-addl-desc{clear:both;float:left;display:block}#onetrust-banner-sdk #banner-options{float:left;display:table;margin-right:0;margin-left:1em;width:calc(100% - 1em)}#onetrust-banner-sdk .banner-option-input{cursor:pointer;width:auto;height:auto;border:none;padding:0;padding-right:3px;margin:0 0 10px;font-size:.82em;line-height:1.4}#onetrust-banner-sdk .banner-option-input *{pointer-events:none;font-size:inherit;line-height:inherit}#onetrust-banner-sdk .banner-option-input[aria-expanded=true]~.banner-option-details{display:block;height:auto}#onetrust-banner-sdk .banner-option-input[aria-expanded=true] .ot-arrow-container{transform:rotate(90deg)}#onetrust-banner-sdk .banner-option{margin-bottom:12px;margin-left:0;border:none;float:left;padding:0}#onetrust-banner-sdk .banner-option:first-child{padding-left:2px}#onetrust-banner-sdk .banner-option:not(:first-child){padding:0;border:none}#onetrust-banner-sdk .banner-option-header{cursor:pointer;display:inline-block}#onetrust-banner-sdk .banner-option-header :first-child{color:dimgray;font-weight:bold;float:left}#onetrust-banner-sdk .banner-option-header .ot-arrow-container{display:inline-block;border-top:6px solid rgba(0,0,0,0);border-bottom:6px solid rgba(0,0,0,0);border-left:6px solid dimgray;margin-left:10px;vertical-align:middle}#onetrust-banner-sdk .banner-option-details{display:none;font-size:.83em;line-height:1.5;padding:10px 0px 5px 10px;margin-right:10px;height:0px}#onetrust-banner-sdk .banner-option-details *{font-size:inherit;line-height:inherit;color:dimgray}#onetrust-banner-sdk .ot-arrow-container,#onetrust-banner-sdk .banner-option-details{transition:all 300ms ease-in 0s;-webkit-transition:all 300ms ease-in 0s;-moz-transition:all 300ms ease-in 0s;-o-transition:all 300ms ease-in 0s}#onetrust-banner-sdk .ot-dpd-container{float:left}#onetrust-banner-sdk .ot-dpd-title{margin-bottom:10px}#onetrust-banner-sdk .ot-dpd-title,#onetrust-banner-sdk .ot-dpd-desc{font-size:.88em;line-height:1.4;color:dimgray}#onetrust-banner-sdk .ot-dpd-title *,#onetrust-banner-sdk .ot-dpd-desc *{font-size:inherit;line-height:inherit}#onetrust-banner-sdk.ot-iab-2 #onetrust-policy-text *{margin-bottom:0}#onetrust-banner-sdk.ot-iab-2 .onetrust-vendors-list-handler{display:block;margin-left:0;margin-top:5px;clear:both;margin-bottom:0;padding:0;border:0;height:auto;width:auto}#onetrust-banner-sdk.ot-iab-2 #onetrust-button-group button{display:block}#onetrust-banner-sdk.ot-close-btn-link{padding-top:25px}#onetrust-banner-sdk.ot-close-btn-link #onetrust-close-btn-container{top:15px;transform:none;right:15px}#onetrust-banner-sdk.ot-close-btn-link #onetrust-close-btn-container button{padding:0;white-space:pre-wrap;border:none;height:auto;line-height:1.5;text-decoration:underline;font-size:.69em}#onetrust-banner-sdk #onetrust-policy-text,#onetrust-banner-sdk .ot-dpd-desc,#onetrust-banner-sdk .ot-b-addl-desc{font-size:.813em;line-height:1.5}#onetrust-banner-sdk .ot-dpd-desc{margin-bottom:10px}#onetrust-banner-sdk .ot-dpd-desc>.ot-b-addl-desc{margin-top:10px;margin-bottom:10px;font-size:1em}@media only screen and (max-width: 425px){#onetrust-banner-sdk #onetrust-close-btn-container{position:absolute;top:6px;right:2px}#onetrust-banner-sdk #onetrust-policy{margin-left:0;margin-top:3em}#onetrust-banner-sdk #onetrust-button-group{display:block}#onetrust-banner-sdk #onetrust-accept-btn-handler,#onetrust-banner-sdk #onetrust-reject-all-handler,#onetrust-banner-sdk #onetrust-pc-btn-handler{width:100%}#onetrust-banner-sdk .onetrust-close-btn-ui{top:auto;transform:none}#onetrust-banner-sdk #onetrust-policy-title{display:inline;float:none}#onetrust-banner-sdk #banner-options{margin:0;padding:0;width:100%}}@media only screen and (min-width: 426px)and (max-width: 896px){#onetrust-banner-sdk #onetrust-close-btn-container{position:absolute;top:0;right:0}#onetrust-banner-sdk #onetrust-policy{margin-left:1em;margin-right:1em}#onetrust-banner-sdk .onetrust-close-btn-ui{top:10px;right:10px}#onetrust-banner-sdk:not(.ot-iab-2) #onetrust-group-container{width:95%}#onetrust-banner-sdk.ot-iab-2 #onetrust-group-container{width:100%}#onetrust-banner-sdk.ot-bnr-w-logo #onetrust-button-group-parent{padding-left:50px}#onetrust-banner-sdk #onetrust-button-group-parent{width:100%;position:relative;margin-left:0}#onetrust-banner-sdk #onetrust-button-group button{display:inline-block}#onetrust-banner-sdk #onetrust-button-group{margin-right:0;text-align:center}#onetrust-banner-sdk .has-reject-all-button #onetrust-pc-btn-handler{float:left}#onetrust-banner-sdk .has-reject-all-button #onetrust-reject-all-handler,#onetrust-banner-sdk .has-reject-all-button #onetrust-accept-btn-handler{float:right}#onetrust-banner-sdk .has-reject-all-button #onetrust-button-group{width:calc(100% - 2em);margin-right:0}#onetrust-banner-sdk .has-reject-all-button #onetrust-pc-btn-handler.cookie-setting-link{padding-left:0px;text-align:left}#onetrust-banner-sdk.ot-buttons-fw .ot-sdk-three button{width:100%;text-align:center}#onetrust-banner-sdk.ot-buttons-fw #onetrust-button-group-parent button{float:none}#onetrust-banner-sdk.ot-buttons-fw #onetrust-pc-btn-handler.cookie-setting-link{text-align:center}}@media only screen and (min-width: 550px){#onetrust-banner-sdk .banner-option:not(:first-child){border-left:1px solid #d8d8d8;padding-left:25px}}@media only screen and (min-width: 425px)and (max-width: 550px){#onetrust-banner-sdk.ot-iab-2 #onetrust-button-group,#onetrust-banner-sdk.ot-iab-2 #onetrust-policy,#onetrust-banner-sdk.ot-iab-2 .banner-option{width:100%}#onetrust-banner-sdk.ot-iab-2 #onetrust-button-group #onetrust-accept-btn-handler,#onetrust-banner-sdk.ot-iab-2 #onetrust-button-group #onetrust-reject-all-handler,#onetrust-banner-sdk.ot-iab-2 #onetrust-button-group #onetrust-pc-btn-handler{width:100%}#onetrust-banner-sdk.ot-iab-2 #onetrust-button-group #onetrust-accept-btn-handler,#onetrust-banner-sdk.ot-iab-2 #onetrust-button-group #onetrust-reject-all-handler{float:left}}@media only screen and (min-width: 769px){#onetrust-banner-sdk #onetrust-button-group{margin-right:30%}#onetrust-banner-sdk #banner-options{margin-left:2em;margin-right:5em;margin-bottom:1.25em;width:calc(100% - 7em)}}@media only screen and (min-width: 897px)and (max-width: 1023px){#onetrust-banner-sdk.vertical-align-content #onetrust-button-group-parent{position:absolute;top:50%;left:80%;transform:translateY(-50%)}#onetrust-banner-sdk #onetrust-close-btn-container{top:50%;margin:auto;transform:translate(-50%, -50%);position:absolute;padding:0;right:0}#onetrust-banner-sdk #onetrust-close-btn-container button{position:relative;margin:0;right:-22px;top:2px}}@media only screen and (min-width: 1024px){#onetrust-banner-sdk #onetrust-close-btn-container{top:50%;margin:auto;transform:translate(-50%, -50%);position:absolute;right:0}#onetrust-banner-sdk #onetrust-close-btn-container button{right:-12px}#onetrust-banner-sdk #onetrust-policy{margin-left:2em}#onetrust-banner-sdk.vertical-align-content #onetrust-button-group-parent{position:absolute;top:50%;left:60%;transform:translateY(-50%)}#onetrust-banner-sdk .ot-optout-signal{width:50%}#onetrust-banner-sdk.ot-iab-2 #onetrust-policy-title{width:50%}#onetrust-banner-sdk.ot-iab-2 #onetrust-policy-text,#onetrust-banner-sdk.ot-iab-2 :not(.ot-dpd-desc)>.ot-b-addl-desc{margin-bottom:1em;width:50%;border-right:1px solid #d8d8d8;padding-right:1rem}#onetrust-banner-sdk.ot-iab-2 #onetrust-policy-text{margin-bottom:0;padding-bottom:1em}#onetrust-banner-sdk.ot-iab-2 :not(.ot-dpd-desc)>.ot-b-addl-desc{margin-bottom:0;padding-bottom:1em}#onetrust-banner-sdk.ot-iab-2 .ot-dpd-container{width:45%;padding-left:1rem;display:inline-block;float:none}#onetrust-banner-sdk.ot-iab-2 .ot-dpd-title{line-height:1.7}#onetrust-banner-sdk.ot-iab-2 #onetrust-button-group-parent{left:auto;right:4%;margin-left:0}#onetrust-banner-sdk.ot-iab-2 #onetrust-button-group button{display:block}#onetrust-banner-sdk:not(.ot-iab-2) #onetrust-button-group-parent{margin:auto;width:30%}#onetrust-banner-sdk:not(.ot-iab-2) #onetrust-group-container{width:60%}#onetrust-banner-sdk #onetrust-button-group{margin-right:auto}#onetrust-banner-sdk #onetrust-accept-btn-handler,#onetrust-banner-sdk #onetrust-reject-all-handler,#onetrust-banner-sdk #onetrust-pc-btn-handler{margin-top:1em}}@media only screen and (min-width: 890px){#onetrust-banner-sdk.ot-buttons-fw:not(.ot-iab-2) #onetrust-button-group-parent{padding-left:3%;padding-right:4%;margin-left:0}#onetrust-banner-sdk.ot-buttons-fw:not(.ot-iab-2) #onetrust-button-group{margin-right:0;margin-top:1.25em;width:100%}#onetrust-banner-sdk.ot-buttons-fw:not(.ot-iab-2) #onetrust-button-group button{width:100%;margin-bottom:5px;margin-top:5px}#onetrust-banner-sdk.ot-buttons-fw:not(.ot-iab-2) #onetrust-button-group button:last-of-type{margin-bottom:20px}}@media only screen and (min-width: 1280px){#onetrust-banner-sdk:not(.ot-iab-2) #onetrust-group-container{width:55%}#onetrust-banner-sdk:not(.ot-iab-2) #onetrust-button-group-parent{width:44%;padding-left:2%;padding-right:2%}#onetrust-banner-sdk:not(.ot-iab-2).vertical-align-content #onetrust-button-group-parent{position:absolute;left:55%}}
#onetrust-consent-sdk #onetrust-banner-sdk {background-color: #FFFFFF;}
    #onetrust-consent-sdk #onetrust-policy-title,
            #onetrust-consent-sdk #onetrust-policy-text,
            #onetrust-consent-sdk .ot-b-addl-desc,
            #onetrust-consent-sdk .ot-dpd-desc,
            #onetrust-consent-sdk .ot-dpd-title,
            #onetrust-consent-sdk #onetrust-policy-text *:not(.onetrust-vendors-list-handler),
            #onetrust-consent-sdk .ot-dpd-desc *:not(.onetrust-vendors-list-handler),
            #onetrust-consent-sdk #onetrust-banner-sdk #banner-options *,
            #onetrust-banner-sdk .ot-cat-header,
            #onetrust-banner-sdk .ot-optout-signal
            {
                color: #696969;
            }
    #onetrust-consent-sdk #onetrust-banner-sdk .banner-option-details {
            background-color: #E9E9E9;}
     #onetrust-consent-sdk #onetrust-banner-sdk a[href],
            #onetrust-consent-sdk #onetrust-banner-sdk a[href] font,
            #onetrust-consent-sdk #onetrust-banner-sdk .ot-link-btn
                {
                    color: #3860BE;
                }#onetrust-consent-sdk #onetrust-accept-btn-handler,
                 #onetrust-banner-sdk #onetrust-reject-all-handler {
                    background-color: #F06C00;border-color: #F06C00;
        color: #FFFFFF;
    }
    #onetrust-consent-sdk #onetrust-banner-sdk *:focus,
    #onetrust-consent-sdk #onetrust-banner-sdk:focus {
       outline-color: #000000;
       outline-width: 1px;
    }
    #onetrust-consent-sdk #onetrust-pc-btn-handler,
    #onetrust-consent-sdk #onetrust-pc-btn-handler.cookie-setting-link {
        color: #F06C00; border-color: #F06C00;
        background-color:
        #FFFFFF;
    }#onetrust-reject-all-handler {
background-color: white !important;
color: #F06C00!important; 
border-color: #F06C00 !important; }#onetrust-pc-sdk.otPcCenter{overflow:hidden;position:fixed;margin:0 auto;top:5%;right:0;left:0;width:40%;max-width:575px;min-width:575px;border-radius:2.5px;z-index:2147483647;background-color:#fff;-webkit-box-shadow:0px 2px 10px -3px #999;-moz-box-shadow:0px 2px 10px -3px #999;box-shadow:0px 2px 10px -3px #999}#onetrust-pc-sdk.otPcCenter[dir=rtl]{right:0;left:0}#onetrust-pc-sdk.otRelFont{font-size:1rem}#onetrust-pc-sdk .ot-optout-signal{margin-top:.625rem}#onetrust-pc-sdk #ot-addtl-venlst .ot-arw-cntr,#onetrust-pc-sdk #ot-addtl-venlst .ot-plus-minus,#onetrust-pc-sdk .ot-hide-tgl{visibility:hidden}#onetrust-pc-sdk #ot-addtl-venlst .ot-arw-cntr *,#onetrust-pc-sdk #ot-addtl-venlst .ot-plus-minus *,#onetrust-pc-sdk .ot-hide-tgl *{visibility:hidden}#onetrust-pc-sdk #ot-gn-venlst .ot-ven-item .ot-acc-hdr{min-height:40px}#onetrust-pc-sdk .ot-pc-header{height:39px;padding:10px 0 10px 30px;border-bottom:1px solid #e9e9e9}#onetrust-pc-sdk #ot-pc-title,#onetrust-pc-sdk #ot-category-title,#onetrust-pc-sdk .ot-cat-header,#onetrust-pc-sdk #ot-lst-title,#onetrust-pc-sdk .ot-ven-hdr .ot-ven-name,#onetrust-pc-sdk .ot-always-active{font-weight:bold;color:dimgray}#onetrust-pc-sdk .ot-always-active-group .ot-cat-header{width:55%;font-weight:700}#onetrust-pc-sdk .ot-cat-item p{clear:both;float:left;margin-top:10px;margin-bottom:5px;line-height:1.5;font-size:.812em;color:dimgray}#onetrust-pc-sdk .ot-close-icon{height:44px;width:44px;background-size:10px}#onetrust-pc-sdk #ot-pc-title{float:left;font-size:1em;line-height:1.5;margin-bottom:10px;margin-top:10px;width:100%}#onetrust-pc-sdk #accept-recommended-btn-handler{margin-right:10px;margin-bottom:25px;position:relative;outline-offset:-1px}#onetrust-pc-sdk #ot-pc-desc{clear:both;width:100%;font-size:.812em;line-height:1.5;margin-bottom:25px}#onetrust-pc-sdk #ot-pc-desc *{font-size:inherit;line-height:inherit}#onetrust-pc-sdk #ot-pc-desc ul li{padding:10px 0px}#onetrust-pc-sdk a{color:#656565;cursor:pointer}#onetrust-pc-sdk a:hover{color:#3860be}#onetrust-pc-sdk label{margin-bottom:0}#onetrust-pc-sdk #vdr-lst-dsc{font-size:.812em;line-height:1.5;padding:10px 15px 5px 15px}#onetrust-pc-sdk button{max-width:394px;padding:12px 30px;line-height:1;word-break:break-word;word-wrap:break-word;white-space:normal;font-weight:bold;height:auto}#onetrust-pc-sdk .ot-link-btn{padding:0;margin-bottom:0;border:0;font-weight:normal;line-height:normal;width:auto;height:auto}#onetrust-pc-sdk #ot-pc-content{position:absolute;overflow-y:scroll;padding-left:2px;padding-right:30px;top:60px;bottom:110px;margin:1px 3px 0 30px;width:calc(100% - 63px)}#onetrust-pc-sdk .ot-vs-list .ot-always-active,#onetrust-pc-sdk .ot-cat-grp .ot-always-active{float:right;clear:none;color:#3860be;margin:0;font-size:.813em;line-height:1.3}#onetrust-pc-sdk .ot-pc-scrollbar::-webkit-scrollbar-track{margin-right:20px}#onetrust-pc-sdk .ot-pc-scrollbar::-webkit-scrollbar{width:11px}#onetrust-pc-sdk .ot-pc-scrollbar::-webkit-scrollbar-thumb{border-radius:10px;background:#d8d8d8}#onetrust-pc-sdk input[type=checkbox]:focus+.ot-acc-hdr{outline:#000 1px solid}#onetrust-pc-sdk .ot-pc-scrollbar{scrollbar-arrow-color:#d8d8d8;scrollbar-darkshadow-color:#d8d8d8;scrollbar-face-color:#d8d8d8;scrollbar-shadow-color:#d8d8d8}#onetrust-pc-sdk .save-preference-btn-handler{margin-right:20px}#onetrust-pc-sdk .ot-pc-refuse-all-handler{margin-right:10px}#onetrust-pc-sdk #ot-pc-desc .privacy-notice-link{margin-left:0;margin-right:8px}#onetrust-pc-sdk #ot-pc-desc .ot-imprint-handler{margin-left:0;margin-right:8px}#onetrust-pc-sdk .ot-subgrp-cntr{display:inline-block;clear:both;width:100%;padding-top:15px}#onetrust-pc-sdk .ot-switch+.ot-subgrp-cntr{padding-top:10px}#onetrust-pc-sdk ul.ot-subgrps{margin:0;font-size:initial}#onetrust-pc-sdk ul.ot-subgrps li p,#onetrust-pc-sdk ul.ot-subgrps li h5{font-size:.813em;line-height:1.4;color:dimgray}#onetrust-pc-sdk ul.ot-subgrps .ot-switch{min-height:auto}#onetrust-pc-sdk ul.ot-subgrps .ot-switch-nob{top:0}#onetrust-pc-sdk ul.ot-subgrps .ot-acc-hdr{display:inline-block;width:100%}#onetrust-pc-sdk ul.ot-subgrps .ot-acc-txt{margin:0}#onetrust-pc-sdk ul.ot-subgrps li{padding:0;border:none}#onetrust-pc-sdk ul.ot-subgrps li h5{position:relative;top:5px;font-weight:bold;margin-bottom:0;float:left}#onetrust-pc-sdk li.ot-subgrp{margin-left:20px;overflow:auto}#onetrust-pc-sdk li.ot-subgrp>h5{width:calc(100% - 100px)}#onetrust-pc-sdk .ot-cat-item p>ul,#onetrust-pc-sdk li.ot-subgrp p>ul{margin:0px;list-style:disc;margin-left:15px;font-size:inherit}#onetrust-pc-sdk .ot-cat-item p>ul li,#onetrust-pc-sdk li.ot-subgrp p>ul li{font-size:inherit;padding-top:10px;padding-left:0px;padding-right:0px;border:none}#onetrust-pc-sdk .ot-cat-item p>ul li:last-child,#onetrust-pc-sdk li.ot-subgrp p>ul li:last-child{padding-bottom:10px}#onetrust-pc-sdk .ot-pc-logo{height:40px;width:120px}#onetrust-pc-sdk .ot-pc-footer{position:absolute;bottom:0px;width:100%;max-height:160px;border-top:1px solid #d8d8d8}#onetrust-pc-sdk.ot-ftr-stacked .ot-pc-refuse-all-handler{margin-bottom:0px}#onetrust-pc-sdk.ot-ftr-stacked #ot-pc-content{bottom:160px}#onetrust-pc-sdk.ot-ftr-stacked .ot-pc-footer button{width:100%;max-width:none}#onetrust-pc-sdk.ot-ftr-stacked .ot-btn-container{margin:0 30px;width:calc(100% - 60px);padding-right:0}#onetrust-pc-sdk .ot-pc-footer-logo{height:30px;width:100%;text-align:right;background:#f4f4f4}#onetrust-pc-sdk .ot-pc-footer-logo a{display:inline-block;margin-top:5px;margin-right:10px}#onetrust-pc-sdk[dir=rtl] .ot-pc-footer-logo{direction:rtl}#onetrust-pc-sdk[dir=rtl] .ot-pc-footer-logo a{margin-right:25px}#onetrust-pc-sdk .ot-tgl{float:right;position:relative;z-index:1}#onetrust-pc-sdk .ot-tgl input:checked+.ot-switch .ot-switch-nob{background-color:#468254;border:1px solid #fff}#onetrust-pc-sdk .ot-tgl input:checked+.ot-switch .ot-switch-nob:before{-webkit-transform:translateX(20px);-ms-transform:translateX(20px);transform:translateX(20px);background-color:#fff;border-color:#fff}#onetrust-pc-sdk .ot-tgl input:focus+.ot-switch{outline:#000 solid 1px}#onetrust-pc-sdk .ot-switch{position:relative;display:inline-block;width:45px;height:25px}#onetrust-pc-sdk .ot-switch-nob{position:absolute;cursor:pointer;top:0;left:0;right:0;bottom:0;background-color:#767676;border:1px solid #ddd;transition:all .2s ease-in 0s;-moz-transition:all .2s ease-in 0s;-o-transition:all .2s ease-in 0s;-webkit-transition:all .2s ease-in 0s;border-radius:20px}#onetrust-pc-sdk .ot-switch-nob:before{position:absolute;content:"";height:18px;width:18px;bottom:3px;left:3px;background-color:#fff;-webkit-transition:.4s;transition:.4s;border-radius:20px}#onetrust-pc-sdk .ot-chkbox input:checked~label::before{background-color:#3860be}#onetrust-pc-sdk .ot-chkbox input+label::after{content:none;color:#fff}#onetrust-pc-sdk .ot-chkbox input:checked+label::after{content:""}#onetrust-pc-sdk .ot-chkbox input:focus+label::before{outline-style:solid;outline-width:2px;outline-style:auto}#onetrust-pc-sdk .ot-chkbox input[aria-checked=mixed]~label::before{background-color:#3860be}#onetrust-pc-sdk .ot-chkbox input[aria-checked=mixed]+label::after{content:""}#onetrust-pc-sdk .ot-chkbox label{position:relative;display:inline-block;padding-left:30px;cursor:pointer;font-weight:500}#onetrust-pc-sdk .ot-chkbox label::before,#onetrust-pc-sdk .ot-chkbox label::after{position:absolute;content:"";display:inline-block;border-radius:3px}#onetrust-pc-sdk .ot-chkbox label::before{height:18px;width:18px;border:1px solid #3860be;left:0px;top:auto}#onetrust-pc-sdk .ot-chkbox label::after{height:5px;width:9px;border-left:3px solid;border-bottom:3px solid;transform:rotate(-45deg);-o-transform:rotate(-45deg);-ms-transform:rotate(-45deg);-webkit-transform:rotate(-45deg);left:4px;top:5px}#onetrust-pc-sdk .ot-label-txt{display:none}#onetrust-pc-sdk .ot-chkbox input,#onetrust-pc-sdk .ot-tgl input{position:absolute;opacity:0;width:0;height:0}#onetrust-pc-sdk .ot-arw-cntr{float:right;position:relative;pointer-events:none}#onetrust-pc-sdk .ot-arw-cntr .ot-arw{width:16px;height:16px;margin-left:5px;color:dimgray;display:inline-block;vertical-align:middle;-webkit-transition:all 150ms ease-in 0s;-moz-transition:all 150ms ease-in 0s;-o-transition:all 150ms ease-in 0s;transition:all 150ms ease-in 0s}#onetrust-pc-sdk input:checked~.ot-acc-hdr .ot-arw,#onetrust-pc-sdk button[aria-expanded=true]~.ot-acc-hdr .ot-arw-cntr svg{transform:rotate(90deg);-o-transform:rotate(90deg);-ms-transform:rotate(90deg);-webkit-transform:rotate(90deg)}#onetrust-pc-sdk input[type=checkbox]:focus+.ot-acc-hdr{outline:#000 1px solid}#onetrust-pc-sdk .ot-tgl-cntr,#onetrust-pc-sdk .ot-arw-cntr{display:inline-block}#onetrust-pc-sdk .ot-tgl-cntr{float:right;margin-top:2px}#onetrust-pc-sdk #ot-lst-cnt .ot-tgl-cntr{margin-top:10px}#onetrust-pc-sdk .ot-always-active-subgroup{width:auto;padding-left:0px !important;top:3px;position:relative}#onetrust-pc-sdk .ot-label-status{font-size:.75em;display:none;font-size:.75em;position:relative;top:2px;padding-right:5px;float:left}#onetrust-pc-sdk .ot-arw-cntr{margin-top:-1px}#onetrust-pc-sdk .ot-arw-cntr svg{-webkit-transition:all 300ms ease-in 0s;-moz-transition:all 300ms ease-in 0s;-o-transition:all 300ms ease-in 0s;transition:all 300ms ease-in 0s;height:10px;width:10px}#onetrust-pc-sdk input:checked~.ot-acc-hdr .ot-arw{transform:rotate(90deg);-o-transform:rotate(90deg);-ms-transform:rotate(90deg);-webkit-transform:rotate(90deg)}#onetrust-pc-sdk .ot-arw{width:10px;margin-left:15px;transition:all 300ms ease-in 0s;-webkit-transition:all 300ms ease-in 0s;-moz-transition:all 300ms ease-in 0s;-o-transition:all 300ms ease-in 0s}#onetrust-pc-sdk .ot-vlst-cntr{margin-bottom:0}#onetrust-pc-sdk .ot-hlst-cntr{margin-top:5px;display:inline-block;width:100%}#onetrust-pc-sdk .category-vendors-list-handler,#onetrust-pc-sdk .category-vendors-list-handler+a,#onetrust-pc-sdk .category-host-list-handler{clear:both;color:#3860be;margin-left:0;font-size:.813em;text-decoration:none;float:left;overflow:hidden}#onetrust-pc-sdk .category-vendors-list-handler:hover,#onetrust-pc-sdk .category-vendors-list-handler+a:hover,#onetrust-pc-sdk .category-host-list-handler:hover{text-decoration-line:underline}#onetrust-pc-sdk .category-vendors-list-handler+a{clear:none}#onetrust-pc-sdk .ot-vlst-cntr .ot-ext-lnk,#onetrust-pc-sdk .ot-ven-hdr .ot-ext-lnk{display:inline-block;height:13px;width:13px;background-repeat:no-repeat;margin-left:1px;margin-top:6px;cursor:pointer}#onetrust-pc-sdk .ot-ven-hdr .ot-ext-lnk{margin-bottom:-1px}#onetrust-pc-sdk .back-btn-handler{font-size:1em;text-decoration:none}#onetrust-pc-sdk .back-btn-handler:hover{opacity:.6}#onetrust-pc-sdk #ot-lst-title h3{display:inline-block;word-break:break-word;word-wrap:break-word;margin-bottom:0;color:#656565;font-size:1em;font-weight:bold;margin-left:15px}#onetrust-pc-sdk #ot-lst-title{margin:10px 0 10px 0px;font-size:1em;text-align:left}#onetrust-pc-sdk #ot-pc-hdr{margin:0 0 0 30px;height:auto;width:auto}#onetrust-pc-sdk #ot-pc-hdr input::placeholder{color:#707070;font-style:italic}#onetrust-pc-sdk #vendor-search-handler{height:31px;width:100%;border-radius:50px;font-size:.8em;padding-right:35px;padding-left:15px;float:left;margin-left:15px}#onetrust-pc-sdk .ot-ven-name{display:block;width:auto;padding-right:5px}#onetrust-pc-sdk #ot-lst-cnt{overflow-y:auto;margin-left:20px;margin-right:7px;width:calc(100% - 27px);max-height:calc(100% - 80px);height:100%;transform:translate3d(0, 0, 0)}#onetrust-pc-sdk #ot-pc-lst{width:100%;bottom:100px;position:absolute;top:60px}#onetrust-pc-sdk #ot-pc-lst:not(.ot-enbl-chr) .ot-tgl-cntr .ot-arw-cntr,#onetrust-pc-sdk #ot-pc-lst:not(.ot-enbl-chr) .ot-tgl-cntr .ot-arw-cntr *{visibility:hidden}#onetrust-pc-sdk #ot-pc-lst .ot-tgl-cntr{right:12px;position:absolute}#onetrust-pc-sdk #ot-pc-lst .ot-arw-cntr{float:right;position:relative}#onetrust-pc-sdk #ot-pc-lst .ot-arw{margin-left:10px}#onetrust-pc-sdk #ot-pc-lst .ot-acc-hdr{overflow:hidden;cursor:pointer}#onetrust-pc-sdk .ot-vlst-cntr{overflow:hidden}#onetrust-pc-sdk #ot-sel-blk{overflow:hidden;width:100%;position:sticky;position:-webkit-sticky;top:0;z-index:3}#onetrust-pc-sdk #ot-back-arw{height:12px;width:12px}#onetrust-pc-sdk .ot-lst-subhdr{width:100%;display:inline-block}#onetrust-pc-sdk .ot-search-cntr{float:left;width:78%;position:relative}#onetrust-pc-sdk .ot-search-cntr>svg{width:30px;height:30px;position:absolute;float:left;right:-15px}#onetrust-pc-sdk .ot-fltr-cntr{float:right;right:50px;position:relative}#onetrust-pc-sdk #filter-btn-handler{background-color:#3860be;border-radius:17px;display:inline-block;position:relative;width:32px;height:32px;-moz-transition:.1s ease;-o-transition:.1s ease;-webkit-transition:1s ease;transition:.1s ease;padding:0;margin:0}#onetrust-pc-sdk #filter-btn-handler:hover{background-color:#3860be}#onetrust-pc-sdk #filter-btn-handler svg{width:12px;height:12px;margin:3px 10px 0 10px;display:block;position:static;right:auto;top:auto}#onetrust-pc-sdk .ot-ven-link,#onetrust-pc-sdk .ot-ven-legclaim-link{color:#3860be;text-decoration:none;font-weight:100;display:inline-block;padding-top:10px;transform:translate(0, 1%);-o-transform:translate(0, 1%);-ms-transform:translate(0, 1%);-webkit-transform:translate(0, 1%);position:relative;z-index:2}#onetrust-pc-sdk .ot-ven-link *,#onetrust-pc-sdk .ot-ven-legclaim-link *{font-size:inherit}#onetrust-pc-sdk .ot-ven-link:hover,#onetrust-pc-sdk .ot-ven-legclaim-link:hover{text-decoration:underline}#onetrust-pc-sdk .ot-ven-hdr{width:calc(100% - 160px);height:auto;float:left;word-break:break-word;word-wrap:break-word;vertical-align:middle;padding-bottom:3px}#onetrust-pc-sdk .ot-ven-link,#onetrust-pc-sdk .ot-ven-legclaim-link{letter-spacing:.03em;font-size:.75em;font-weight:400}#onetrust-pc-sdk .ot-ven-dets{border-radius:2px;background-color:#f8f8f8}#onetrust-pc-sdk .ot-ven-dets li:first-child p:first-child{border-top:none}#onetrust-pc-sdk .ot-ven-dets .ot-ven-disc:not(:first-child){border-top:1px solid #ddd !important}#onetrust-pc-sdk .ot-ven-dets .ot-ven-disc:nth-child(n+3) p{display:inline-block}#onetrust-pc-sdk .ot-ven-dets .ot-ven-disc:nth-child(n+3) p:nth-of-type(odd){width:30%}#onetrust-pc-sdk .ot-ven-dets .ot-ven-disc:nth-child(n+3) p:nth-of-type(even){width:50%;word-break:break-word;word-wrap:break-word}#onetrust-pc-sdk .ot-ven-dets .ot-ven-disc p,#onetrust-pc-sdk .ot-ven-dets .ot-ven-disc h5{padding-top:5px;padding-bottom:5px;display:block}#onetrust-pc-sdk .ot-ven-dets .ot-ven-disc h5{display:inline-block}#onetrust-pc-sdk .ot-ven-dets .ot-ven-disc p:nth-last-child(-n+1){padding-bottom:10px}#onetrust-pc-sdk .ot-ven-dets .ot-ven-disc p:nth-child(-n+2):not(.disc-pur){padding-top:10px}#onetrust-pc-sdk .ot-ven-dets .ot-ven-disc .disc-pur-cont{display:inline}#onetrust-pc-sdk .ot-ven-dets .ot-ven-disc .disc-pur{position:relative;width:50% !important;word-break:break-word;word-wrap:break-word;left:calc(30% + 17px)}#onetrust-pc-sdk .ot-ven-dets .ot-ven-disc .disc-pur:nth-child(-n+1){position:static}#onetrust-pc-sdk .ot-ven-dets p,#onetrust-pc-sdk .ot-ven-dets h5,#onetrust-pc-sdk .ot-ven-dets span{font-size:.69em;text-align:left;vertical-align:middle;word-break:break-word;word-wrap:break-word;margin:0;padding-bottom:10px;padding-left:15px;color:#2e3644}#onetrust-pc-sdk .ot-ven-dets h5{padding-top:5px}#onetrust-pc-sdk .ot-ven-dets span{color:dimgray;padding:0;vertical-align:baseline}#onetrust-pc-sdk .ot-ven-dets .ot-ven-pur h5{border-top:1px solid #e9e9e9;border-bottom:1px solid #e9e9e9;padding-bottom:5px;margin-bottom:5px;font-weight:bold}#onetrust-pc-sdk #ot-host-lst .ot-sel-all{float:right;position:relative;margin-right:42px;top:10px}#onetrust-pc-sdk #ot-host-lst .ot-sel-all input[type=checkbox]{width:auto;height:auto}#onetrust-pc-sdk #ot-host-lst .ot-sel-all label{height:20px;width:20px;padding-left:0px}#onetrust-pc-sdk #ot-host-lst .ot-acc-txt{overflow:hidden;width:95%}#onetrust-pc-sdk .ot-host-hdr{position:relative;z-index:1;pointer-events:none;width:calc(100% - 125px);float:left}#onetrust-pc-sdk .ot-host-name,#onetrust-pc-sdk .ot-host-desc{display:inline-block;width:90%}#onetrust-pc-sdk .ot-host-name{pointer-events:none}#onetrust-pc-sdk .ot-host-hdr>a{text-decoration:underline;font-size:.82em;position:relative;z-index:2;float:left;margin-bottom:5px;pointer-events:initial}#onetrust-pc-sdk .ot-host-name+a{margin-top:5px}#onetrust-pc-sdk .ot-host-name,#onetrust-pc-sdk .ot-host-name a,#onetrust-pc-sdk .ot-host-desc,#onetrust-pc-sdk .ot-host-info{color:dimgray;word-break:break-word;word-wrap:break-word}#onetrust-pc-sdk .ot-host-name,#onetrust-pc-sdk .ot-host-name a{font-weight:bold;font-size:.82em;line-height:1.3}#onetrust-pc-sdk .ot-host-name a{font-size:1em}#onetrust-pc-sdk .ot-host-expand{margin-top:3px;margin-bottom:3px;clear:both;display:block;color:#3860be;font-size:.72em;font-weight:normal}#onetrust-pc-sdk .ot-host-expand *{font-size:inherit}#onetrust-pc-sdk .ot-host-desc,#onetrust-pc-sdk .ot-host-info{font-size:.688em;line-height:1.4;font-weight:normal}#onetrust-pc-sdk .ot-host-desc{margin-top:10px}#onetrust-pc-sdk .ot-host-opt{margin:0;font-size:inherit;display:inline-block;width:100%}#onetrust-pc-sdk .ot-host-opt li>div div{font-size:.8em;padding:5px 0}#onetrust-pc-sdk .ot-host-opt li>div div:nth-child(1){width:30%;float:left}#onetrust-pc-sdk .ot-host-opt li>div div:nth-child(2){width:70%;float:left;word-break:break-word;word-wrap:break-word}#onetrust-pc-sdk .ot-host-info{border:none;display:inline-block;width:calc(100% - 10px);padding:10px;margin-bottom:10px;background-color:#f8f8f8}#onetrust-pc-sdk .ot-host-info>div{overflow:auto}#onetrust-pc-sdk #no-results{text-align:center;margin-top:30px}#onetrust-pc-sdk #no-results p{font-size:1em;color:#2e3644;word-break:break-word;word-wrap:break-word}#onetrust-pc-sdk #no-results p span{font-weight:bold}#onetrust-pc-sdk #ot-fltr-modal{width:100%;height:auto;display:none;-moz-transition:.2s ease;-o-transition:.2s ease;-webkit-transition:2s ease;transition:.2s ease;overflow:hidden;opacity:1;right:0}#onetrust-pc-sdk #ot-fltr-modal .ot-label-txt{display:inline-block;font-size:.85em;color:dimgray}#onetrust-pc-sdk #ot-fltr-cnt{z-index:2147483646;background-color:#fff;position:absolute;height:90%;max-height:300px;width:325px;left:210px;margin-top:10px;margin-bottom:20px;padding-right:10px;border-radius:3px;-webkit-box-shadow:0px 0px 12px 2px #c7c5c7;-moz-box-shadow:0px 0px 12px 2px #c7c5c7;box-shadow:0px 0px 12px 2px #c7c5c7}#onetrust-pc-sdk .ot-fltr-scrlcnt{overflow-y:auto;overflow-x:hidden;clear:both;max-height:calc(100% - 60px)}#onetrust-pc-sdk #ot-anchor{border:12px solid rgba(0,0,0,0);display:none;position:absolute;z-index:2147483647;right:55px;top:75px;transform:rotate(45deg);-o-transform:rotate(45deg);-ms-transform:rotate(45deg);-webkit-transform:rotate(45deg);background-color:#fff;-webkit-box-shadow:-3px -3px 5px -2px #c7c5c7;-moz-box-shadow:-3px -3px 5px -2px #c7c5c7;box-shadow:-3px -3px 5px -2px #c7c5c7}#onetrust-pc-sdk .ot-fltr-btns{margin-left:15px}#onetrust-pc-sdk #filter-apply-handler{margin-right:15px}#onetrust-pc-sdk .ot-fltr-opt{margin-bottom:5px;margin-left:15px;min-height:20px;width:75%;position:relative}#onetrust-pc-sdk .ot-fltr-opt p{display:inline-block;margin:0;font-size:.9em;color:#2e3644}#onetrust-pc-sdk .ot-chkbox label span{font-size:.85em;color:dimgray}#onetrust-pc-sdk .ot-chkbox input[type=checkbox]+label::after{content:none;color:#fff}#onetrust-pc-sdk .ot-chkbox input[type=checkbox]:checked+label::after{content:""}#onetrust-pc-sdk .ot-chkbox input[type=checkbox][aria-checked=mixed]+label::after{content:""}#onetrust-pc-sdk .ot-chkbox input[type=checkbox]:focus+label::before{outline-style:solid;outline-width:2px;outline-style:auto}#onetrust-pc-sdk #ot-selall-vencntr,#onetrust-pc-sdk #ot-selall-adtlvencntr,#onetrust-pc-sdk #ot-selall-hostcntr,#onetrust-pc-sdk #ot-selall-licntr,#onetrust-pc-sdk #ot-selall-gnvencntr{right:15px;position:relative;width:20px;height:20px;float:right}#onetrust-pc-sdk #ot-selall-vencntr label,#onetrust-pc-sdk #ot-selall-adtlvencntr label,#onetrust-pc-sdk #ot-selall-hostcntr label,#onetrust-pc-sdk #ot-selall-licntr label,#onetrust-pc-sdk #ot-selall-gnvencntr label{float:left;padding-left:0}#onetrust-pc-sdk #ot-ven-lst:first-child{border-top:1px solid #e2e2e2}#onetrust-pc-sdk ul{list-style:none;padding:0}#onetrust-pc-sdk ul li{position:relative;margin:0;padding:15px 15px 15px 10px;border-bottom:1px solid #e2e2e2}#onetrust-pc-sdk ul li h3,#onetrust-pc-sdk ul li h4{font-size:.75em;color:#656565;margin:0;display:inline-block;width:70%;height:auto;word-break:break-word;word-wrap:break-word}#onetrust-pc-sdk ul li p{margin:0;font-size:.7em}#onetrust-pc-sdk ul li input[type=checkbox]{position:absolute;cursor:pointer;width:100%;height:100%;opacity:0;margin:0;top:0;left:0}#onetrust-pc-sdk .ot-cat-item>button:focus,#onetrust-pc-sdk .ot-acc-cntr>button:focus,#onetrust-pc-sdk li>button:focus{outline:#000 solid 2px}#onetrust-pc-sdk .ot-cat-item>button,#onetrust-pc-sdk .ot-acc-cntr>button,#onetrust-pc-sdk li>button{position:absolute;cursor:pointer;width:100%;height:100%;margin:0;top:0;left:0;z-index:1;max-width:none;border:none}#onetrust-pc-sdk .ot-cat-item>button[aria-expanded=false]~.ot-acc-txt,#onetrust-pc-sdk .ot-acc-cntr>button[aria-expanded=false]~.ot-acc-txt,#onetrust-pc-sdk li>button[aria-expanded=false]~.ot-acc-txt{margin-top:0;max-height:0;opacity:0;overflow:hidden;width:100%;transition:.25s ease-out;display:none}#onetrust-pc-sdk .ot-cat-item>button[aria-expanded=true]~.ot-acc-txt,#onetrust-pc-sdk .ot-acc-cntr>button[aria-expanded=true]~.ot-acc-txt,#onetrust-pc-sdk li>button[aria-expanded=true]~.ot-acc-txt{transition:.1s ease-in;margin-top:10px;width:100%;overflow:auto;display:block}#onetrust-pc-sdk .ot-cat-item>button[aria-expanded=true]~.ot-acc-grpcntr,#onetrust-pc-sdk .ot-acc-cntr>button[aria-expanded=true]~.ot-acc-grpcntr,#onetrust-pc-sdk li>button[aria-expanded=true]~.ot-acc-grpcntr{width:auto;margin-top:0px;padding-bottom:10px}#onetrust-pc-sdk .ot-host-item>button:focus,#onetrust-pc-sdk .ot-ven-item>button:focus{outline:0;border:2px solid #000}#onetrust-pc-sdk .ot-hide-acc>button{pointer-events:none}#onetrust-pc-sdk .ot-hide-acc .ot-plus-minus>*,#onetrust-pc-sdk .ot-hide-acc .ot-arw-cntr>*{visibility:hidden}#onetrust-pc-sdk .ot-hide-acc .ot-acc-hdr{min-height:30px}#onetrust-pc-sdk.ot-addtl-vendors #ot-lst-cnt:not(.ot-host-cnt){padding-right:10px;width:calc(100% - 37px);margin-top:10px;max-height:calc(100% - 90px)}#onetrust-pc-sdk.ot-addtl-vendors #ot-lst-cnt:not(.ot-host-cnt) #ot-sel-blk{background-color:#f9f9fc;border:1px solid #e2e2e2;width:calc(100% - 2px);padding-bottom:5px;padding-top:5px}#onetrust-pc-sdk.ot-addtl-vendors #ot-lst-cnt:not(.ot-host-cnt) #ot-sel-blk.ot-vnd-list-cnt{border:unset;background-color:unset}#onetrust-pc-sdk.ot-addtl-vendors #ot-lst-cnt:not(.ot-host-cnt) #ot-sel-blk.ot-vnd-list-cnt .ot-sel-all-hdr{display:none}#onetrust-pc-sdk.ot-addtl-vendors #ot-lst-cnt:not(.ot-host-cnt) #ot-sel-blk.ot-vnd-list-cnt .ot-sel-all{padding-right:.5rem}#onetrust-pc-sdk.ot-addtl-vendors #ot-lst-cnt:not(.ot-host-cnt) #ot-sel-blk.ot-vnd-list-cnt .ot-sel-all .ot-chkbox{right:0}#onetrust-pc-sdk.ot-addtl-vendors #ot-lst-cnt:not(.ot-host-cnt) .ot-sel-all{padding-right:34px}#onetrust-pc-sdk.ot-addtl-vendors #ot-lst-cnt:not(.ot-host-cnt) .ot-sel-all-chkbox{width:auto}#onetrust-pc-sdk.ot-addtl-vendors #ot-lst-cnt:not(.ot-host-cnt) ul li{border:1px solid #e2e2e2;margin-bottom:10px}#onetrust-pc-sdk.ot-addtl-vendors #ot-lst-cnt:not(.ot-host-cnt) .ot-acc-cntr>.ot-acc-hdr{padding:10px 0 10px 15px}#onetrust-pc-sdk.ot-addtl-vendors .ot-sel-all-chkbox{float:right}#onetrust-pc-sdk.ot-addtl-vendors .ot-plus-minus~.ot-sel-all-chkbox{right:34px}#onetrust-pc-sdk.ot-addtl-vendors #ot-ven-lst:first-child{border-top:none}#onetrust-pc-sdk .ot-acc-cntr{position:relative;border-left:1px solid #e2e2e2;border-right:1px solid #e2e2e2;border-bottom:1px solid #e2e2e2}#onetrust-pc-sdk .ot-acc-cntr input{z-index:1}#onetrust-pc-sdk .ot-acc-cntr>.ot-acc-hdr{background-color:#f9f9fc;padding:5px 0 5px 15px;width:auto}#onetrust-pc-sdk .ot-acc-cntr>.ot-acc-hdr .ot-plus-minus{vertical-align:middle;top:auto}#onetrust-pc-sdk .ot-acc-cntr>.ot-acc-hdr .ot-arw-cntr{right:10px}#onetrust-pc-sdk .ot-acc-cntr>.ot-acc-hdr input{z-index:2}#onetrust-pc-sdk .ot-acc-cntr.ot-add-tech .ot-acc-hdr{padding:10px 0 10px 15px}#onetrust-pc-sdk .ot-acc-cntr>input[type=checkbox]:checked~.ot-acc-hdr{border-bottom:1px solid #e2e2e2}#onetrust-pc-sdk .ot-acc-cntr>.ot-acc-txt{padding-left:10px;padding-right:10px}#onetrust-pc-sdk .ot-acc-cntr button[aria-expanded=true]~.ot-acc-txt{width:auto}#onetrust-pc-sdk .ot-acc-cntr .ot-addtl-venbox{display:none}#onetrust-pc-sdk .ot-vlst-cntr{margin-bottom:0;width:100%}#onetrust-pc-sdk .ot-vensec-title{font-size:.813em;vertical-align:middle;display:inline-block}#onetrust-pc-sdk .category-vendors-list-handler,#onetrust-pc-sdk .category-vendors-list-handler+a{margin-left:0;margin-top:10px}#onetrust-pc-sdk #ot-selall-vencntr.line-through label::after,#onetrust-pc-sdk #ot-selall-adtlvencntr.line-through label::after,#onetrust-pc-sdk #ot-selall-licntr.line-through label::after,#onetrust-pc-sdk #ot-selall-hostcntr.line-through label::after,#onetrust-pc-sdk #ot-selall-gnvencntr.line-through label::after{height:auto;border-left:0;transform:none;-o-transform:none;-ms-transform:none;-webkit-transform:none;left:5px;top:9px}#onetrust-pc-sdk #ot-category-title{float:left;padding-bottom:10px;font-size:1em;width:100%}#onetrust-pc-sdk .ot-cat-grp{margin-top:10px}#onetrust-pc-sdk .ot-cat-item{line-height:1.1;margin-top:10px;display:inline-block;width:100%}#onetrust-pc-sdk .ot-btn-container{text-align:right}#onetrust-pc-sdk .ot-btn-container button{display:inline-block;font-size:.75em;letter-spacing:.08em;margin-top:19px}#onetrust-pc-sdk #close-pc-btn-handler.ot-close-icon{position:absolute;top:10px;right:0;z-index:1;padding:0;background-color:rgba(0,0,0,0);border:none}#onetrust-pc-sdk #close-pc-btn-handler.ot-close-icon svg{display:block;height:10px;width:10px}#onetrust-pc-sdk #clear-filters-handler{margin-top:20px;margin-bottom:10px;float:right;max-width:200px;text-decoration:none;color:#3860be;font-size:.9em;font-weight:bold;background-color:rgba(0,0,0,0);border-color:rgba(0,0,0,0);padding:1px}#onetrust-pc-sdk #clear-filters-handler:hover{color:#2285f7}#onetrust-pc-sdk #clear-filters-handler:focus{outline:#000 solid 1px}#onetrust-pc-sdk .ot-enbl-chr h4~.ot-tgl,#onetrust-pc-sdk .ot-enbl-chr h4~.ot-always-active{right:45px}#onetrust-pc-sdk .ot-enbl-chr h4~.ot-tgl+.ot-tgl{right:120px}#onetrust-pc-sdk .ot-enbl-chr .ot-pli-hdr.ot-leg-border-color span:first-child{width:90px}#onetrust-pc-sdk .ot-enbl-chr li.ot-subgrp>h5+.ot-tgl-cntr{padding-right:25px}#onetrust-pc-sdk .ot-plus-minus{width:20px;height:20px;font-size:1.5em;position:relative;display:inline-block;margin-right:5px;top:3px}#onetrust-pc-sdk .ot-plus-minus span{position:absolute;background:#27455c;border-radius:1px}#onetrust-pc-sdk .ot-plus-minus span:first-of-type{top:25%;bottom:25%;width:10%;left:45%}#onetrust-pc-sdk .ot-plus-minus span:last-of-type{left:25%;right:25%;height:10%;top:45%}#onetrust-pc-sdk button[aria-expanded=true]~.ot-acc-hdr .ot-arw,#onetrust-pc-sdk button[aria-expanded=true]~.ot-acc-hdr .ot-plus-minus span:first-of-type,#onetrust-pc-sdk button[aria-expanded=true]~.ot-acc-hdr .ot-plus-minus span:last-of-type{transform:rotate(90deg)}#onetrust-pc-sdk button[aria-expanded=true]~.ot-acc-hdr .ot-plus-minus span:last-of-type{left:50%;right:50%}#onetrust-pc-sdk #ot-selall-vencntr label,#onetrust-pc-sdk #ot-selall-adtlvencntr label,#onetrust-pc-sdk #ot-selall-hostcntr label,#onetrust-pc-sdk #ot-selall-licntr label{position:relative;display:inline-block;width:20px;height:20px}#onetrust-pc-sdk .ot-host-item .ot-plus-minus,#onetrust-pc-sdk .ot-ven-item .ot-plus-minus{float:left;margin-right:8px;top:10px}#onetrust-pc-sdk .ot-ven-item ul{list-style:none inside;font-size:100%;margin:0}#onetrust-pc-sdk .ot-ven-item ul li{margin:0 !important;padding:0;border:none !important}#onetrust-pc-sdk .ot-pli-hdr{color:#77808e;overflow:hidden;padding-top:7.5px;padding-bottom:7.5px;width:calc(100% - 2px);border-top-left-radius:3px;border-top-right-radius:3px}#onetrust-pc-sdk .ot-pli-hdr span:first-child{top:50%;transform:translateY(50%);max-width:90px}#onetrust-pc-sdk .ot-pli-hdr span:last-child{padding-right:10px;max-width:95px;text-align:center}#onetrust-pc-sdk .ot-li-title{float:right;font-size:.813em}#onetrust-pc-sdk .ot-pli-hdr.ot-leg-border-color{background-color:#f4f4f4;border:1px solid #d8d8d8}#onetrust-pc-sdk .ot-pli-hdr.ot-leg-border-color span:first-child{text-align:left;width:70px}#onetrust-pc-sdk li.ot-subgrp>h5,#onetrust-pc-sdk .ot-cat-header{width:calc(100% - 130px)}#onetrust-pc-sdk li.ot-subgrp>h5+.ot-tgl-cntr{padding-left:13px}#onetrust-pc-sdk .ot-acc-grpcntr .ot-acc-grpdesc{margin-bottom:5px}#onetrust-pc-sdk .ot-acc-grpcntr .ot-subgrp-cntr{border-top:1px solid #d8d8d8}#onetrust-pc-sdk .ot-acc-grpcntr .ot-vlst-cntr+.ot-subgrp-cntr{border-top:none}#onetrust-pc-sdk .ot-acc-hdr .ot-arw-cntr+.ot-tgl-cntr,#onetrust-pc-sdk .ot-acc-txt h4+.ot-tgl-cntr{padding-left:13px}#onetrust-pc-sdk .ot-pli-hdr~.ot-cat-item .ot-subgrp>h5,#onetrust-pc-sdk .ot-pli-hdr~.ot-cat-item .ot-cat-header{width:calc(100% - 145px)}#onetrust-pc-sdk .ot-pli-hdr~.ot-cat-item h5+.ot-tgl-cntr,#onetrust-pc-sdk .ot-pli-hdr~.ot-cat-item .ot-cat-header+.ot-tgl{padding-left:28px}#onetrust-pc-sdk .ot-sel-all-hdr,#onetrust-pc-sdk .ot-sel-all-chkbox{display:inline-block;width:100%;position:relative}#onetrust-pc-sdk .ot-sel-all-chkbox{z-index:1}#onetrust-pc-sdk .ot-sel-all{margin:0;position:relative;padding-right:23px;float:right}#onetrust-pc-sdk .ot-consent-hdr,#onetrust-pc-sdk .ot-li-hdr{float:right;font-size:.812em;line-height:normal;text-align:center;word-break:break-word;word-wrap:break-word}#onetrust-pc-sdk .ot-li-hdr{max-width:100px;padding-right:10px}#onetrust-pc-sdk .ot-consent-hdr{max-width:55px}#onetrust-pc-sdk #ot-selall-licntr{display:block;width:21px;height:auto;float:right;position:relative;right:80px}#onetrust-pc-sdk #ot-selall-licntr label{position:absolute}#onetrust-pc-sdk .ot-ven-ctgl{margin-left:66px}#onetrust-pc-sdk .ot-ven-litgl+.ot-arw-cntr{margin-left:81px}#onetrust-pc-sdk .ot-enbl-chr .ot-host-cnt .ot-tgl-cntr{width:auto}#onetrust-pc-sdk #ot-lst-cnt:not(.ot-host-cnt) .ot-tgl-cntr{width:auto;top:auto;height:20px}#onetrust-pc-sdk #ot-lst-cnt .ot-chkbox{position:relative;display:inline-block;width:20px;height:20px}#onetrust-pc-sdk #ot-lst-cnt .ot-chkbox label{position:absolute;padding:0;width:20px;height:20px}#onetrust-pc-sdk #ot-lst-cnt .ot-vnd-info-cntr{border:1px solid #d8d8d8;padding:.75rem 2rem;padding-bottom:0;width:auto;margin-top:.5rem}#onetrust-pc-sdk .ot-acc-grpdesc+.ot-leg-btn-container{padding-left:20px;padding-right:20px;width:calc(100% - 40px);margin-bottom:5px}#onetrust-pc-sdk .ot-subgrp .ot-leg-btn-container{margin-bottom:5px}#onetrust-pc-sdk #ot-ven-lst .ot-leg-btn-container{margin-top:10px}#onetrust-pc-sdk .ot-leg-btn-container{display:inline-block;width:100%;margin-bottom:10px}#onetrust-pc-sdk .ot-leg-btn-container button{height:auto;padding:6.5px 8px;margin-bottom:0;letter-spacing:0;font-size:.75em;line-height:normal}#onetrust-pc-sdk .ot-leg-btn-container svg{display:none;height:14px;width:14px;padding-right:5px;vertical-align:sub}#onetrust-pc-sdk .ot-active-leg-btn{cursor:default;pointer-events:none}#onetrust-pc-sdk .ot-active-leg-btn svg{display:inline-block}#onetrust-pc-sdk .ot-remove-objection-handler{text-decoration:underline;padding:0;font-size:.75em;font-weight:600;line-height:1;padding-left:10px}#onetrust-pc-sdk .ot-obj-leg-btn-handler span{font-weight:bold;text-align:center;font-size:inherit;line-height:1.5}#onetrust-pc-sdk.ot-close-btn-link #close-pc-btn-handler{border:none;height:auto;line-height:1.5;text-decoration:underline;font-size:.69em;background:none;right:15px;top:15px;width:auto;font-weight:normal}#onetrust-pc-sdk .ot-pgph-link{font-size:.813em !important;margin-top:5px;position:relative}#onetrust-pc-sdk .ot-pgph-link.ot-pgph-link-subgroup{margin-bottom:1rem}#onetrust-pc-sdk .ot-pgph-contr{margin:0 2.5rem}#onetrust-pc-sdk .ot-pgph-title{font-size:1.18rem;margin-bottom:2rem}#onetrust-pc-sdk .ot-pgph-desc{font-size:1rem;font-weight:400;margin-bottom:2rem;line-height:1.5rem}#onetrust-pc-sdk .ot-pgph-desc:not(:last-child):after{content:"";width:96%;display:block;margin:0 auto;padding-bottom:2rem;border-bottom:1px solid #e9e9e9}#onetrust-pc-sdk .ot-cat-header{float:left;font-weight:600;font-size:.875em;line-height:1.5;max-width:90%;vertical-align:middle}#onetrust-pc-sdk .ot-vnd-item>button:focus{outline:#000 solid 2px}#onetrust-pc-sdk .ot-vnd-item>button{position:absolute;cursor:pointer;width:100%;height:100%;margin:0;top:0;left:0;z-index:1;max-width:none;border:none}#onetrust-pc-sdk .ot-vnd-item>button[aria-expanded=false]~.ot-acc-txt{margin-top:0;max-height:0;opacity:0;overflow:hidden;width:100%;transition:.25s ease-out;display:none}#onetrust-pc-sdk .ot-vnd-item>button[aria-expanded=true]~.ot-acc-txt{transition:.1s ease-in;margin-top:10px;width:100%;overflow:auto;display:block}#onetrust-pc-sdk .ot-vnd-item>button[aria-expanded=true]~.ot-acc-grpcntr{width:auto;margin-top:0px;padding-bottom:10px}#onetrust-pc-sdk .ot-accordion-layout.ot-cat-item{position:relative;border-radius:2px;margin:0;padding:0;border:1px solid #d8d8d8;border-top:none;width:calc(100% - 2px);float:left}#onetrust-pc-sdk .ot-accordion-layout.ot-cat-item:first-of-type{margin-top:10px;border-top:1px solid #d8d8d8}#onetrust-pc-sdk .ot-accordion-layout .ot-acc-grpdesc{padding-left:20px;padding-right:20px;width:calc(100% - 40px);font-size:.812em;margin-bottom:10px;margin-top:15px}#onetrust-pc-sdk .ot-accordion-layout .ot-acc-grpdesc>ul{padding-top:10px}#onetrust-pc-sdk .ot-accordion-layout .ot-acc-grpdesc>ul li{padding-top:0;line-height:1.5;padding-bottom:10px}#onetrust-pc-sdk .ot-accordion-layout div+.ot-acc-grpdesc{margin-top:5px}#onetrust-pc-sdk .ot-accordion-layout .ot-vlst-cntr:first-child{margin-top:10px}#onetrust-pc-sdk .ot-accordion-layout .ot-vlst-cntr:last-child,#onetrust-pc-sdk .ot-accordion-layout .ot-hlst-cntr:last-child{margin-bottom:5px}#onetrust-pc-sdk .ot-accordion-layout .ot-acc-hdr{padding-top:11.5px;padding-bottom:11.5px;padding-left:20px;padding-right:20px;width:calc(100% - 40px);display:inline-block}#onetrust-pc-sdk .ot-accordion-layout .ot-acc-txt{width:100%;padding:0}#onetrust-pc-sdk .ot-accordion-layout .ot-subgrp-cntr{padding-left:20px;padding-right:15px;padding-bottom:0;width:calc(100% - 35px)}#onetrust-pc-sdk .ot-accordion-layout .ot-subgrp{padding-right:5px}#onetrust-pc-sdk .ot-accordion-layout .ot-acc-grpcntr{z-index:1;position:relative}#onetrust-pc-sdk .ot-accordion-layout .ot-cat-header+.ot-arw-cntr{position:absolute;top:50%;transform:translateY(-50%);right:20px;margin-top:-2px}#onetrust-pc-sdk .ot-accordion-layout .ot-cat-header+.ot-arw-cntr .ot-arw{width:15px;height:20px;margin-left:5px;color:dimgray}#onetrust-pc-sdk .ot-accordion-layout .ot-cat-header{float:none;color:#2e3644;margin:0;display:inline-block;height:auto;word-wrap:break-word;min-height:inherit}#onetrust-pc-sdk .ot-accordion-layout .ot-vlst-cntr,#onetrust-pc-sdk .ot-accordion-layout .ot-hlst-cntr{padding-left:20px;width:calc(100% - 20px);display:inline-block;margin-top:0;padding-bottom:2px}#onetrust-pc-sdk .ot-accordion-layout .ot-acc-hdr{position:relative;min-height:25px}#onetrust-pc-sdk .ot-accordion-layout h4~.ot-tgl,#onetrust-pc-sdk .ot-accordion-layout h4~.ot-always-active{position:absolute;top:50%;transform:translateY(-50%);right:20px}#onetrust-pc-sdk .ot-accordion-layout h4~.ot-tgl+.ot-tgl{right:95px}#onetrust-pc-sdk .ot-accordion-layout .category-vendors-list-handler,#onetrust-pc-sdk .ot-accordion-layout .category-vendors-list-handler+a{margin-top:5px}#onetrust-pc-sdk #ot-lst-cnt{margin-top:1rem;max-height:calc(100% - 96px)}#onetrust-pc-sdk #ot-lst-cnt .ot-vnd-info-cntr{border:1px solid #d8d8d8;padding:.75rem 2rem;padding-bottom:0;width:auto;margin-top:.5rem}#onetrust-pc-sdk #ot-lst-cnt .ot-vnd-info{margin-bottom:1rem;padding-left:.75rem;padding-right:.75rem;display:flex;flex-direction:column}#onetrust-pc-sdk #ot-lst-cnt .ot-vnd-info[data-vnd-info-key*=DPOEmail]{border-top:1px solid #d8d8d8;padding-top:1rem}#onetrust-pc-sdk #ot-lst-cnt .ot-vnd-info[data-vnd-info-key*=DPOLink]{border-bottom:1px solid #d8d8d8;padding-bottom:1rem}#onetrust-pc-sdk #ot-lst-cnt .ot-vnd-info .ot-vnd-lbl{font-weight:bold;font-size:.85em;margin-bottom:.5rem}#onetrust-pc-sdk #ot-lst-cnt .ot-vnd-info .ot-vnd-cnt{margin-left:.5rem;font-weight:500;font-size:.85rem}#onetrust-pc-sdk .ot-vs-list,#onetrust-pc-sdk .ot-vnd-serv{width:auto;padding:1rem 1.25rem;padding-bottom:0}#onetrust-pc-sdk .ot-vs-list .ot-vnd-serv-hdr-cntr,#onetrust-pc-sdk .ot-vnd-serv .ot-vnd-serv-hdr-cntr{padding-bottom:.75rem;border-bottom:1px solid #d8d8d8}#onetrust-pc-sdk .ot-vs-list .ot-vnd-serv-hdr-cntr .ot-vnd-serv-hdr,#onetrust-pc-sdk .ot-vnd-serv .ot-vnd-serv-hdr-cntr .ot-vnd-serv-hdr{font-weight:600;font-size:.95em;line-height:2;margin-left:.5rem}#onetrust-pc-sdk .ot-vs-list .ot-vnd-item,#onetrust-pc-sdk .ot-vnd-serv .ot-vnd-item{border:none;margin:0;padding:0}#onetrust-pc-sdk .ot-vs-list .ot-vnd-item button,#onetrust-pc-sdk .ot-vnd-serv .ot-vnd-item button{outline:none;border-bottom:1px solid #d8d8d8}#onetrust-pc-sdk .ot-vs-list .ot-vnd-item button[aria-expanded=true],#onetrust-pc-sdk .ot-vnd-serv .ot-vnd-item button[aria-expanded=true]{border-bottom:none}#onetrust-pc-sdk .ot-vs-list .ot-vnd-item:first-child,#onetrust-pc-sdk .ot-vnd-serv .ot-vnd-item:first-child{margin-top:.25rem;border-top:unset}#onetrust-pc-sdk .ot-vs-list .ot-vnd-item:last-child,#onetrust-pc-sdk .ot-vnd-serv .ot-vnd-item:last-child{margin-bottom:.5rem}#onetrust-pc-sdk .ot-vs-list .ot-vnd-item:last-child button,#onetrust-pc-sdk .ot-vnd-serv .ot-vnd-item:last-child button{border-bottom:none}#onetrust-pc-sdk .ot-vs-list .ot-vnd-item .ot-vnd-info-cntr,#onetrust-pc-sdk .ot-vnd-serv .ot-vnd-item .ot-vnd-info-cntr{border:1px solid #d8d8d8;padding:.75rem 1.75rem;padding-bottom:0;width:auto;margin-top:.5rem}#onetrust-pc-sdk .ot-vs-list .ot-vnd-item .ot-vnd-info,#onetrust-pc-sdk .ot-vnd-serv .ot-vnd-item .ot-vnd-info{margin-bottom:1rem;padding-left:.75rem;padding-right:.75rem;display:flex;flex-direction:column}#onetrust-pc-sdk .ot-vs-list .ot-vnd-item .ot-vnd-info[data-vnd-info-key*=DPOEmail],#onetrust-pc-sdk .ot-vnd-serv .ot-vnd-item .ot-vnd-info[data-vnd-info-key*=DPOEmail]{border-top:1px solid #d8d8d8;padding-top:1rem}#onetrust-pc-sdk .ot-vs-list .ot-vnd-item .ot-vnd-info[data-vnd-info-key*=DPOLink],#onetrust-pc-sdk .ot-vnd-serv .ot-vnd-item .ot-vnd-info[data-vnd-info-key*=DPOLink]{border-bottom:1px solid #d8d8d8;padding-bottom:1rem}#onetrust-pc-sdk .ot-vs-list .ot-vnd-item .ot-vnd-info .ot-vnd-lbl,#onetrust-pc-sdk .ot-vnd-serv .ot-vnd-item .ot-vnd-info .ot-vnd-lbl{font-weight:bold;font-size:.85em;margin-bottom:.5rem}#onetrust-pc-sdk .ot-vs-list .ot-vnd-item .ot-vnd-info .ot-vnd-cnt,#onetrust-pc-sdk .ot-vnd-serv .ot-vnd-item .ot-vnd-info .ot-vnd-cnt{margin-left:.5rem;font-weight:500;font-size:.85rem}#onetrust-pc-sdk .ot-vs-list.ot-vnd-subgrp-cnt,#onetrust-pc-sdk .ot-vnd-serv.ot-vnd-subgrp-cnt{padding-left:40px}#onetrust-pc-sdk .ot-vs-list.ot-vnd-subgrp-cnt .ot-vnd-serv-hdr-cntr .ot-vnd-serv-hdr,#onetrust-pc-sdk .ot-vnd-serv.ot-vnd-subgrp-cnt .ot-vnd-serv-hdr-cntr .ot-vnd-serv-hdr{font-size:.8em}#onetrust-pc-sdk .ot-vs-list.ot-vnd-subgrp-cnt .ot-cat-header,#onetrust-pc-sdk .ot-vnd-serv.ot-vnd-subgrp-cnt .ot-cat-header{font-size:.8em}#onetrust-pc-sdk .ot-subgrp-cntr .ot-vnd-serv{margin-bottom:1rem;padding:1rem .95rem}#onetrust-pc-sdk .ot-subgrp-cntr .ot-vnd-serv .ot-vnd-serv-hdr-cntr{padding-bottom:.75rem;border-bottom:1px solid #d8d8d8}#onetrust-pc-sdk .ot-subgrp-cntr .ot-vnd-serv .ot-vnd-serv-hdr-cntr .ot-vnd-serv-hdr{font-weight:700;font-size:.8em;line-height:20px;margin-left:.82rem}#onetrust-pc-sdk .ot-subgrp-cntr .ot-cat-header{font-weight:700;font-size:.8em;line-height:20px}#onetrust-pc-sdk .ot-subgrp-cntr ul.ot-subgrps .ot-vnd-serv .ot-vnd-lst-cont .ot-accordion-layout .ot-acc-hdr div.ot-chkbox{margin-left:.82rem}#onetrust-pc-sdk .ot-vs-config .ot-acc-hdr,#onetrust-pc-sdk ul.ot-subgrps .ot-acc-hdr,#onetrust-pc-sdk .ot-subgrp-cntr ul.ot-subgrps .ot-acc-hdr,#onetrust-pc-sdk .ot-vs-list .ot-vnd-item .ot-acc-hdr,#onetrust-pc-sdk .ot-vnd-serv .ot-vnd-item .ot-acc-hdr,#onetrust-pc-sdk #ot-pc-lst .ot-vs-list .ot-vnd-item .ot-acc-hdr,#onetrust-pc-sdk .ot-accordion-layout.ot-checkbox-consent .ot-acc-hdr{padding:.7rem 0;margin:0;display:flex;width:100%;align-items:center;justify-content:space-between}#onetrust-pc-sdk .ot-vs-config .ot-acc-hdr div:first-child,#onetrust-pc-sdk ul.ot-subgrps .ot-acc-hdr div:first-child,#onetrust-pc-sdk .ot-subgrp-cntr ul.ot-subgrps .ot-acc-hdr div:first-child,#onetrust-pc-sdk .ot-vs-list .ot-vnd-item .ot-acc-hdr div:first-child,#onetrust-pc-sdk .ot-vnd-serv .ot-vnd-item .ot-acc-hdr div:first-child,#onetrust-pc-sdk #ot-pc-lst .ot-vs-list .ot-vnd-item .ot-acc-hdr div:first-child,#onetrust-pc-sdk .ot-accordion-layout.ot-checkbox-consent .ot-acc-hdr div:first-child{margin-left:.5rem}#onetrust-pc-sdk .ot-vs-config .ot-acc-hdr div:last-child,#onetrust-pc-sdk ul.ot-subgrps .ot-acc-hdr div:last-child,#onetrust-pc-sdk .ot-subgrp-cntr ul.ot-subgrps .ot-acc-hdr div:last-child,#onetrust-pc-sdk .ot-vs-list .ot-vnd-item .ot-acc-hdr div:last-child,#onetrust-pc-sdk .ot-vnd-serv .ot-vnd-item .ot-acc-hdr div:last-child,#onetrust-pc-sdk #ot-pc-lst .ot-vs-list .ot-vnd-item .ot-acc-hdr div:last-child,#onetrust-pc-sdk .ot-accordion-layout.ot-checkbox-consent .ot-acc-hdr div:last-child{margin-right:.5rem;margin-left:.5rem}#onetrust-pc-sdk .ot-vs-config .ot-acc-hdr .ot-always-active,#onetrust-pc-sdk ul.ot-subgrps .ot-acc-hdr .ot-always-active,#onetrust-pc-sdk .ot-subgrp-cntr ul.ot-subgrps .ot-acc-hdr .ot-always-active,#onetrust-pc-sdk .ot-vs-list .ot-vnd-item .ot-acc-hdr .ot-always-active,#onetrust-pc-sdk .ot-vnd-serv .ot-vnd-item .ot-acc-hdr .ot-always-active,#onetrust-pc-sdk #ot-pc-lst .ot-vs-list .ot-vnd-item .ot-acc-hdr .ot-always-active,#onetrust-pc-sdk .ot-accordion-layout.ot-checkbox-consent .ot-acc-hdr .ot-always-active{position:relative;right:unset;top:unset;transform:unset}#onetrust-pc-sdk .ot-vs-config .ot-acc-hdr .ot-plus-minus,#onetrust-pc-sdk ul.ot-subgrps .ot-acc-hdr .ot-plus-minus,#onetrust-pc-sdk .ot-subgrp-cntr ul.ot-subgrps .ot-acc-hdr .ot-plus-minus,#onetrust-pc-sdk .ot-vs-list .ot-vnd-item .ot-acc-hdr .ot-plus-minus,#onetrust-pc-sdk .ot-vnd-serv .ot-vnd-item .ot-acc-hdr .ot-plus-minus,#onetrust-pc-sdk #ot-pc-lst .ot-vs-list .ot-vnd-item .ot-acc-hdr .ot-plus-minus,#onetrust-pc-sdk .ot-accordion-layout.ot-checkbox-consent .ot-acc-hdr .ot-plus-minus{top:0}#onetrust-pc-sdk .ot-vs-config .ot-acc-hdr .ot-arw-cntr,#onetrust-pc-sdk ul.ot-subgrps .ot-acc-hdr .ot-arw-cntr,#onetrust-pc-sdk .ot-subgrp-cntr ul.ot-subgrps .ot-acc-hdr .ot-arw-cntr,#onetrust-pc-sdk .ot-vs-list .ot-vnd-item .ot-acc-hdr .ot-arw-cntr,#onetrust-pc-sdk .ot-vnd-serv .ot-vnd-item .ot-acc-hdr .ot-arw-cntr,#onetrust-pc-sdk #ot-pc-lst .ot-vs-list .ot-vnd-item .ot-acc-hdr .ot-arw-cntr,#onetrust-pc-sdk .ot-accordion-layout.ot-checkbox-consent .ot-acc-hdr .ot-arw-cntr{float:none;top:unset;right:unset;transform:unset;margin-top:-2px;position:relative}#onetrust-pc-sdk .ot-vs-config .ot-acc-hdr .ot-cat-header,#onetrust-pc-sdk ul.ot-subgrps .ot-acc-hdr .ot-cat-header,#onetrust-pc-sdk .ot-subgrp-cntr ul.ot-subgrps .ot-acc-hdr .ot-cat-header,#onetrust-pc-sdk .ot-vs-list .ot-vnd-item .ot-acc-hdr .ot-cat-header,#onetrust-pc-sdk .ot-vnd-serv .ot-vnd-item .ot-acc-hdr .ot-cat-header,#onetrust-pc-sdk #ot-pc-lst .ot-vs-list .ot-vnd-item .ot-acc-hdr .ot-cat-header,#onetrust-pc-sdk .ot-accordion-layout.ot-checkbox-consent .ot-acc-hdr .ot-cat-header{flex:1;margin:0 .5rem}#onetrust-pc-sdk .ot-vs-config .ot-acc-hdr .ot-tgl,#onetrust-pc-sdk ul.ot-subgrps .ot-acc-hdr .ot-tgl,#onetrust-pc-sdk .ot-subgrp-cntr ul.ot-subgrps .ot-acc-hdr .ot-tgl,#onetrust-pc-sdk .ot-vs-list .ot-vnd-item .ot-acc-hdr .ot-tgl,#onetrust-pc-sdk .ot-vnd-serv .ot-vnd-item .ot-acc-hdr .ot-tgl,#onetrust-pc-sdk #ot-pc-lst .ot-vs-list .ot-vnd-item .ot-acc-hdr .ot-tgl,#onetrust-pc-sdk .ot-accordion-layout.ot-checkbox-consent .ot-acc-hdr .ot-tgl{position:relative;transform:none;right:0;top:0;float:none}#onetrust-pc-sdk .ot-vs-config .ot-acc-hdr .ot-chkbox,#onetrust-pc-sdk ul.ot-subgrps .ot-acc-hdr .ot-chkbox,#onetrust-pc-sdk .ot-subgrp-cntr ul.ot-subgrps .ot-acc-hdr .ot-chkbox,#onetrust-pc-sdk .ot-vs-list .ot-vnd-item .ot-acc-hdr .ot-chkbox,#onetrust-pc-sdk .ot-vnd-serv .ot-vnd-item .ot-acc-hdr .ot-chkbox,#onetrust-pc-sdk #ot-pc-lst .ot-vs-list .ot-vnd-item .ot-acc-hdr .ot-chkbox,#onetrust-pc-sdk .ot-accordion-layout.ot-checkbox-consent .ot-acc-hdr .ot-chkbox{position:relative;margin:0 .5rem}#onetrust-pc-sdk .ot-vs-config .ot-acc-hdr .ot-chkbox label,#onetrust-pc-sdk ul.ot-subgrps .ot-acc-hdr .ot-chkbox label,#onetrust-pc-sdk .ot-subgrp-cntr ul.ot-subgrps .ot-acc-hdr .ot-chkbox label,#onetrust-pc-sdk .ot-vs-list .ot-vnd-item .ot-acc-hdr .ot-chkbox label,#onetrust-pc-sdk .ot-vnd-serv .ot-vnd-item .ot-acc-hdr .ot-chkbox label,#onetrust-pc-sdk #ot-pc-lst .ot-vs-list .ot-vnd-item .ot-acc-hdr .ot-chkbox label,#onetrust-pc-sdk .ot-accordion-layout.ot-checkbox-consent .ot-acc-hdr .ot-chkbox label{padding:0}#onetrust-pc-sdk .ot-vs-config .ot-acc-hdr .ot-chkbox label::before,#onetrust-pc-sdk ul.ot-subgrps .ot-acc-hdr .ot-chkbox label::before,#onetrust-pc-sdk .ot-subgrp-cntr ul.ot-subgrps .ot-acc-hdr .ot-chkbox label::before,#onetrust-pc-sdk .ot-vs-list .ot-vnd-item .ot-acc-hdr .ot-chkbox label::before,#onetrust-pc-sdk .ot-vnd-serv .ot-vnd-item .ot-acc-hdr .ot-chkbox label::before,#onetrust-pc-sdk #ot-pc-lst .ot-vs-list .ot-vnd-item .ot-acc-hdr .ot-chkbox label::before,#onetrust-pc-sdk .ot-accordion-layout.ot-checkbox-consent .ot-acc-hdr .ot-chkbox label::before{position:relative}#onetrust-pc-sdk .ot-vs-config .ot-acc-hdr .ot-chkbox input,#onetrust-pc-sdk ul.ot-subgrps .ot-acc-hdr .ot-chkbox input,#onetrust-pc-sdk .ot-subgrp-cntr ul.ot-subgrps .ot-acc-hdr .ot-chkbox input,#onetrust-pc-sdk .ot-vs-list .ot-vnd-item .ot-acc-hdr .ot-chkbox input,#onetrust-pc-sdk .ot-vnd-serv .ot-vnd-item .ot-acc-hdr .ot-chkbox input,#onetrust-pc-sdk #ot-pc-lst .ot-vs-list .ot-vnd-item .ot-acc-hdr .ot-chkbox input,#onetrust-pc-sdk .ot-accordion-layout.ot-checkbox-consent .ot-acc-hdr .ot-chkbox input{position:absolute;cursor:pointer;width:100%;height:100%;opacity:0;margin:0;top:0;left:0;z-index:1}#onetrust-pc-sdk .ot-subgrp-cntr ul.ot-subgrps li.ot-subgrp .ot-acc-hdr h5.ot-cat-header,#onetrust-pc-sdk .ot-subgrp-cntr ul.ot-subgrps li.ot-subgrp .ot-acc-hdr h4.ot-cat-header{margin:0}#onetrust-pc-sdk .ot-vs-config .ot-subgrp-cntr ul.ot-subgrps li.ot-subgrp h5{top:0;line-height:20px}#onetrust-pc-sdk .ot-vs-list{display:flex;flex-direction:column;padding:0;margin:.5rem 4px}#onetrust-pc-sdk .ot-vs-selc-all{display:flex;padding:0;float:unset;align-items:center;justify-content:flex-start}#onetrust-pc-sdk .ot-vs-selc-all.ot-toggle-conf{justify-content:flex-end}#onetrust-pc-sdk .ot-vs-selc-all.ot-toggle-conf.ot-caret-conf .ot-sel-all-chkbox{margin-right:48px}#onetrust-pc-sdk .ot-vs-selc-all.ot-toggle-conf .ot-sel-all-chkbox{margin:0;padding:0;margin-right:14px;justify-content:flex-end}#onetrust-pc-sdk .ot-vs-selc-all.ot-toggle-conf #ot-selall-vencntr.ot-chkbox,#onetrust-pc-sdk .ot-vs-selc-all.ot-toggle-conf #ot-selall-vencntr.ot-tgl{display:inline-block;right:unset;width:auto;height:auto;float:none}#onetrust-pc-sdk .ot-vs-selc-all.ot-toggle-conf #ot-selall-vencntr label{width:45px;height:25px}#onetrust-pc-sdk .ot-vs-selc-all .ot-sel-all-chkbox{margin-right:11px;margin-left:.75rem;display:flex;align-items:center}#onetrust-pc-sdk .ot-vs-selc-all .sel-all-hdr{margin:0 1.25rem;font-size:.812em;line-height:normal;text-align:center;word-break:break-word;word-wrap:break-word}#onetrust-pc-sdk .ot-vnd-list-cnt #ot-selall-vencntr.ot-chkbox{float:unset;right:0}#onetrust-pc-sdk[dir=rtl] #ot-back-arw,#onetrust-pc-sdk[dir=rtl] input~.ot-acc-hdr .ot-arw{transform:rotate(180deg);-o-transform:rotate(180deg);-ms-transform:rotate(180deg);-webkit-transform:rotate(180deg)}#onetrust-pc-sdk[dir=rtl] input:checked~.ot-acc-hdr .ot-arw{transform:rotate(270deg);-o-transform:rotate(270deg);-ms-transform:rotate(270deg);-webkit-transform:rotate(270deg)}#onetrust-pc-sdk[dir=rtl] .ot-chkbox label::after{transform:rotate(45deg);-webkit-transform:rotate(45deg);-o-transform:rotate(45deg);-ms-transform:rotate(45deg);border-left:0;border-right:3px solid}#onetrust-pc-sdk[dir=rtl] .ot-search-cntr>svg{right:0}@media only screen and (max-width: 600px){#onetrust-pc-sdk.otPcCenter{left:0;min-width:100%;height:100%;top:0;border-radius:0}#onetrust-pc-sdk #ot-pc-content,#onetrust-pc-sdk.ot-ftr-stacked .ot-btn-container{margin:1px 3px 0 10px;padding-right:10px;width:calc(100% - 23px)}#onetrust-pc-sdk .ot-btn-container button{max-width:none;letter-spacing:.01em}#onetrust-pc-sdk #close-pc-btn-handler{top:10px;right:17px}#onetrust-pc-sdk p{font-size:.7em}#onetrust-pc-sdk #ot-pc-hdr{margin:10px 10px 0 5px;width:calc(100% - 15px)}#onetrust-pc-sdk .vendor-search-handler{font-size:1em}#onetrust-pc-sdk #ot-back-arw{margin-left:12px}#onetrust-pc-sdk #ot-lst-cnt{margin:0;padding:0 5px 0 10px;min-width:95%}#onetrust-pc-sdk .switch+p{max-width:80%}#onetrust-pc-sdk .ot-ftr-stacked button{width:100%}#onetrust-pc-sdk #ot-fltr-cnt{max-width:320px;width:90%;border-top-right-radius:0;border-bottom-right-radius:0;margin:0;margin-left:15px;left:auto;right:40px;top:85px}#onetrust-pc-sdk .ot-fltr-opt{margin-left:25px;margin-bottom:10px}#onetrust-pc-sdk .ot-pc-refuse-all-handler{margin-bottom:0}#onetrust-pc-sdk #ot-fltr-cnt{right:40px}}@media only screen and (max-width: 476px){#onetrust-pc-sdk .ot-fltr-cntr,#onetrust-pc-sdk #ot-fltr-cnt{right:10px}#onetrust-pc-sdk #ot-anchor{right:25px}#onetrust-pc-sdk button{width:100%}#onetrust-pc-sdk:not(.ot-addtl-vendors) #ot-pc-lst:not(.ot-enbl-chr) .ot-sel-all{padding-right:9px}#onetrust-pc-sdk:not(.ot-addtl-vendors) #ot-pc-lst:not(.ot-enbl-chr) .ot-tgl-cntr{right:0}}@media(min-width: 768px){#onetrust-pc-sdk.ot-tgl-with-label .ot-label-status{display:inline}#onetrust-pc-sdk.ot-tgl-with-label #ot-pc-lst .ot-label-status{display:none}}@media only screen and (max-width: 896px)and (max-height: 425px)and (orientation: landscape){#onetrust-pc-sdk.otPcCenter{left:0;top:0;min-width:100%;height:100%;border-radius:0}#onetrust-pc-sdk .ot-pc-header{height:auto;min-height:20px}#onetrust-pc-sdk .ot-pc-header .ot-pc-logo{max-height:30px}#onetrust-pc-sdk .ot-pc-footer{max-height:60px;overflow-y:auto}#onetrust-pc-sdk #ot-pc-content,#onetrust-pc-sdk #ot-pc-lst{bottom:70px}#onetrust-pc-sdk.ot-ftr-stacked #ot-pc-content{bottom:70px}#onetrust-pc-sdk #ot-anchor{left:initial;right:50px}#onetrust-pc-sdk #ot-lst-title{margin-top:12px}#onetrust-pc-sdk #ot-lst-title *{font-size:inherit}#onetrust-pc-sdk #ot-pc-hdr input{margin-right:0;padding-right:45px}#onetrust-pc-sdk .switch+p{max-width:85%}#onetrust-pc-sdk #ot-sel-blk{position:static}#onetrust-pc-sdk #ot-pc-lst{overflow:auto}#onetrust-pc-sdk #ot-lst-cnt{max-height:none;overflow:initial}#onetrust-pc-sdk #ot-lst-cnt.no-results{height:auto}#onetrust-pc-sdk input{font-size:1em !important}#onetrust-pc-sdk p{font-size:.6em}#onetrust-pc-sdk #ot-fltr-modal{width:100%;top:0}#onetrust-pc-sdk ul li p,#onetrust-pc-sdk .category-vendors-list-handler,#onetrust-pc-sdk .category-vendors-list-handler+a,#onetrust-pc-sdk .category-host-list-handler{font-size:.6em}#onetrust-pc-sdk.ot-shw-fltr #ot-anchor{display:none !important}#onetrust-pc-sdk.ot-shw-fltr #ot-pc-lst{height:100% !important;overflow:hidden;top:0px}#onetrust-pc-sdk.ot-shw-fltr #ot-fltr-cnt{margin:0;height:100%;max-height:none;padding:10px;top:0;width:calc(100% - 20px);position:absolute;right:0;left:0;max-width:none}#onetrust-pc-sdk.ot-shw-fltr .ot-fltr-scrlcnt{max-height:calc(100% - 65px)}}
    #onetrust-consent-sdk #onetrust-pc-sdk,
        #onetrust-consent-sdk #ot-search-cntr,
        #onetrust-consent-sdk #onetrust-pc-sdk .ot-switch.ot-toggle,
        #onetrust-consent-sdk #onetrust-pc-sdk ot-grp-hdr1 .checkbox,
        #onetrust-consent-sdk #onetrust-pc-sdk #ot-pc-title:after
        ,#onetrust-consent-sdk #onetrust-pc-sdk #ot-sel-blk,
                #onetrust-consent-sdk #onetrust-pc-sdk #ot-fltr-cnt,
                #onetrust-consent-sdk #onetrust-pc-sdk #ot-anchor {
            background-color: #FFFFFF;
        }
       
    #onetrust-consent-sdk #onetrust-pc-sdk h3,
        #onetrust-consent-sdk #onetrust-pc-sdk h4,
        #onetrust-consent-sdk #onetrust-pc-sdk h5,
        #onetrust-consent-sdk #onetrust-pc-sdk h6,
        #onetrust-consent-sdk #onetrust-pc-sdk p,
        #onetrust-consent-sdk #onetrust-pc-sdk #ot-ven-lst .ot-ven-opts p,
        #onetrust-consent-sdk #onetrust-pc-sdk #ot-pc-desc,
        #onetrust-consent-sdk #onetrust-pc-sdk #ot-pc-title,
        #onetrust-consent-sdk #onetrust-pc-sdk .ot-li-title,
        #onetrust-consent-sdk #onetrust-pc-sdk .ot-sel-all-hdr span,
        #onetrust-consent-sdk #onetrust-pc-sdk #ot-host-lst .ot-host-info,
        #onetrust-consent-sdk #onetrust-pc-sdk #ot-fltr-modal #modal-header,
        #onetrust-consent-sdk #onetrust-pc-sdk .ot-checkbox label span,
        #onetrust-consent-sdk #onetrust-pc-sdk #ot-pc-lst #ot-sel-blk p,
        #onetrust-consent-sdk #onetrust-pc-sdk #ot-pc-lst #ot-lst-title h3,
        #onetrust-consent-sdk #onetrust-pc-sdk #ot-pc-lst .back-btn-handler p,
        #onetrust-consent-sdk #onetrust-pc-sdk #ot-pc-lst .ot-ven-name,
        #onetrust-consent-sdk #onetrust-pc-sdk #ot-pc-lst #ot-ven-lst .consent-category,
        #onetrust-consent-sdk #onetrust-pc-sdk .ot-leg-btn-container .ot-inactive-leg-btn,
        #onetrust-consent-sdk #onetrust-pc-sdk .ot-label-status,
        #onetrust-consent-sdk #onetrust-pc-sdk .ot-chkbox label span,
        #onetrust-consent-sdk #onetrust-pc-sdk #clear-filters-handler,
        #onetrust-consent-sdk #onetrust-pc-sdk .ot-optout-signal
        {
            color: #404040;
        }
     #onetrust-consent-sdk #onetrust-pc-sdk .privacy-notice-link,
            #onetrust-consent-sdk #onetrust-pc-sdk .ot-pgph-link,
            #onetrust-consent-sdk #onetrust-pc-sdk .category-vendors-list-handler,
            #onetrust-consent-sdk #onetrust-pc-sdk .category-vendors-list-handler + a,
            #onetrust-consent-sdk #onetrust-pc-sdk .category-host-list-handler,
            #onetrust-consent-sdk #onetrust-pc-sdk .ot-ven-link,
            #onetrust-consent-sdk #onetrust-pc-sdk .ot-ven-legclaim-link,
            #onetrust-consent-sdk #onetrust-pc-sdk #ot-host-lst .ot-host-name a,
            #onetrust-consent-sdk #onetrust-pc-sdk #ot-host-lst .ot-acc-hdr .ot-host-expand,
            #onetrust-consent-sdk #onetrust-pc-sdk #ot-host-lst .ot-host-info a,
            #onetrust-consent-sdk #onetrust-pc-sdk #ot-pc-content #ot-pc-desc .ot-link-btn,
            #onetrust-consent-sdk #onetrust-pc-sdk .ot-vnd-serv .ot-vnd-item .ot-vnd-info a,
            #onetrust-consent-sdk #onetrust-pc-sdk #ot-lst-cnt .ot-vnd-info a
            {
                color: #3860BE;
            }
    #onetrust-consent-sdk #onetrust-pc-sdk .category-vendors-list-handler:hover { text-decoration: underline;}
    
     #onetrust-consent-sdk #onetrust-pc-sdk #ot-host-lst .ot-host-info,
            #onetrust-consent-sdk #onetrust-pc-sdk .ot-acc-txt .ot-ven-dets
                    {
                        background-color: #F8F8F8;
                    }
#onetrust-consent-sdk #onetrust-pc-sdk
    button:not(#clear-filters-handler):not(.ot-close-icon):not(#filter-btn-handler):not(.ot-remove-objection-handler):not(.ot-obj-leg-btn-handler):not([aria-expanded]):not(.ot-link-btn),
    #onetrust-consent-sdk #onetrust-pc-sdk .ot-leg-btn-container .ot-active-leg-btn {
        background-color: #F06C00;border-color: #F06C00;
        color: #FFFFFF;
    }
    #onetrust-consent-sdk #onetrust-pc-sdk .ot-active-menu {
        border-color: #F06C00;
    }
    
    #onetrust-consent-sdk #onetrust-pc-sdk .ot-leg-btn-container .ot-remove-objection-handler{
        background-color: transparent;
        border: 1px solid transparent;
    }
    #onetrust-consent-sdk #onetrust-pc-sdk .ot-leg-btn-container .ot-inactive-leg-btn {
        background-color: #FFFFFF;
        color: #4D4D4D; border-color: #4D4D4D;
    }
    #onetrust-consent-sdk #onetrust-pc-sdk .ot-tgl input:focus + .ot-switch, .ot-switch .ot-switch-nob, .ot-switch .ot-switch-nob:before,
    #onetrust-pc-sdk .ot-checkbox input[type="checkbox"]:focus + label::before,
    #onetrust-pc-sdk .ot-chkbox input[type="checkbox"]:focus + label::before {
        outline-color: #000000;
        outline-width: 1px;
        outline-offset: 1px;
    }
    #onetrust-pc-sdk .ot-host-item > button:focus, #onetrust-pc-sdk .ot-ven-item > button:focus {
        border: 1px solid #000000;
    }
    #onetrust-consent-sdk #onetrust-pc-sdk *:focus,
    #onetrust-consent-sdk #onetrust-pc-sdk .ot-vlst-cntr > a:focus {
       outline: 1px solid #000000;
       outline-offset: 1px;
    }#onetrust-pc-sdk .ot-vlst-cntr .ot-ext-lnk,  #onetrust-pc-sdk .ot-ven-hdr .ot-ext-lnk{
            background-image: url('https://cdn-ukwest.onetrust.com/logos/static/ot_external_link.svg');
        }
    #ot-sdk-btn.ot-sdk-show-settings,#ot-sdk-btn.optanon-show-settings {
background-color: transparent !important;
color: #fff !important;
border: none !important;
font-family: arial !important;
font-size: 1rem !important;
line-height: 1.5 !important;
padding: 0 !important;
text-transform: capitalize;
}
#ot-sdk-btn.ot-sdk-show-settings:hover,#ot-sdk-btn.optanon-show-settings:hover {
text-decoration-line: underline !important;
text-transform: capitalize;
}.ot-sdk-cookie-policy{font-family:inherit;font-size:16px}.ot-sdk-cookie-policy.otRelFont{font-size:1rem}.ot-sdk-cookie-policy h3,.ot-sdk-cookie-policy h4,.ot-sdk-cookie-policy h6,.ot-sdk-cookie-policy p,.ot-sdk-cookie-policy li,.ot-sdk-cookie-policy a,.ot-sdk-cookie-policy th,.ot-sdk-cookie-policy #cookie-policy-description,.ot-sdk-cookie-policy .ot-sdk-cookie-policy-group,.ot-sdk-cookie-policy #cookie-policy-title{color:dimgray}.ot-sdk-cookie-policy #cookie-policy-description{margin-bottom:1em}.ot-sdk-cookie-policy h4{font-size:1.2em}.ot-sdk-cookie-policy h6{font-size:1em;margin-top:2em}.ot-sdk-cookie-policy th{min-width:75px}.ot-sdk-cookie-policy a,.ot-sdk-cookie-policy a:hover{background:#fff}.ot-sdk-cookie-policy thead{background-color:#f6f6f4;font-weight:bold}.ot-sdk-cookie-policy .ot-mobile-border{display:none}.ot-sdk-cookie-policy section{margin-bottom:2em}.ot-sdk-cookie-policy table{border-collapse:inherit}#ot-sdk-cookie-policy-v2.ot-sdk-cookie-policy{font-family:inherit;font-size:1rem}#ot-sdk-cookie-policy-v2.ot-sdk-cookie-policy h3,#ot-sdk-cookie-policy-v2.ot-sdk-cookie-policy h4,#ot-sdk-cookie-policy-v2.ot-sdk-cookie-policy h6,#ot-sdk-cookie-policy-v2.ot-sdk-cookie-policy p,#ot-sdk-cookie-policy-v2.ot-sdk-cookie-policy li,#ot-sdk-cookie-policy-v2.ot-sdk-cookie-policy a,#ot-sdk-cookie-policy-v2.ot-sdk-cookie-policy th,#ot-sdk-cookie-policy-v2.ot-sdk-cookie-policy #cookie-policy-description,#ot-sdk-cookie-policy-v2.ot-sdk-cookie-policy .ot-sdk-cookie-policy-group,#ot-sdk-cookie-policy-v2.ot-sdk-cookie-policy #cookie-policy-title{color:dimgray}#ot-sdk-cookie-policy-v2.ot-sdk-cookie-policy #cookie-policy-description{margin-bottom:1em}#ot-sdk-cookie-policy-v2.ot-sdk-cookie-policy .ot-sdk-subgroup{margin-left:1.5em}#ot-sdk-cookie-policy-v2.ot-sdk-cookie-policy #cookie-policy-description,#ot-sdk-cookie-policy-v2.ot-sdk-cookie-policy .ot-sdk-cookie-policy-group-desc,#ot-sdk-cookie-policy-v2.ot-sdk-cookie-policy .ot-table-header,#ot-sdk-cookie-policy-v2.ot-sdk-cookie-policy a,#ot-sdk-cookie-policy-v2.ot-sdk-cookie-policy span,#ot-sdk-cookie-policy-v2.ot-sdk-cookie-policy td{font-size:.9em}#ot-sdk-cookie-policy-v2.ot-sdk-cookie-policy td span,#ot-sdk-cookie-policy-v2.ot-sdk-cookie-policy td a{font-size:inherit}#ot-sdk-cookie-policy-v2.ot-sdk-cookie-policy .ot-sdk-cookie-policy-group{font-size:1em;margin-bottom:.6em}#ot-sdk-cookie-policy-v2.ot-sdk-cookie-policy .ot-sdk-cookie-policy-title{margin-bottom:1.2em}#ot-sdk-cookie-policy-v2.ot-sdk-cookie-policy>section{margin-bottom:1em}#ot-sdk-cookie-policy-v2.ot-sdk-cookie-policy th{min-width:75px}#ot-sdk-cookie-policy-v2.ot-sdk-cookie-policy a,#ot-sdk-cookie-policy-v2.ot-sdk-cookie-policy a:hover{background:#fff}#ot-sdk-cookie-policy-v2.ot-sdk-cookie-policy thead{background-color:#f6f6f4;font-weight:bold}#ot-sdk-cookie-policy-v2.ot-sdk-cookie-policy .ot-mobile-border{display:none}#ot-sdk-cookie-policy-v2.ot-sdk-cookie-policy section{margin-bottom:2em}#ot-sdk-cookie-policy-v2.ot-sdk-cookie-policy .ot-sdk-subgroup ul li{list-style:disc;margin-left:1.5em}#ot-sdk-cookie-policy-v2.ot-sdk-cookie-policy .ot-sdk-subgroup ul li h4{display:inline-block}#ot-sdk-cookie-policy-v2.ot-sdk-cookie-policy table{border-collapse:inherit;margin:auto;border:1px solid #d7d7d7;border-radius:5px;border-spacing:initial;width:100%;overflow:hidden}#ot-sdk-cookie-policy-v2.ot-sdk-cookie-policy table th,#ot-sdk-cookie-policy-v2.ot-sdk-cookie-policy table td{border-bottom:1px solid #d7d7d7;border-right:1px solid #d7d7d7}#ot-sdk-cookie-policy-v2.ot-sdk-cookie-policy table tr:last-child td{border-bottom:0px}#ot-sdk-cookie-policy-v2.ot-sdk-cookie-policy table tr th:last-child,#ot-sdk-cookie-policy-v2.ot-sdk-cookie-policy table tr td:last-child{border-right:0px}#ot-sdk-cookie-policy-v2.ot-sdk-cookie-policy table .ot-host,#ot-sdk-cookie-policy-v2.ot-sdk-cookie-policy table .ot-cookies-type{width:25%}.ot-sdk-cookie-policy[dir=rtl]{text-align:left}#ot-sdk-cookie-policy h3{font-size:1.5em}@media only screen and (max-width: 530px){.ot-sdk-cookie-policy:not(#ot-sdk-cookie-policy-v2) table,.ot-sdk-cookie-policy:not(#ot-sdk-cookie-policy-v2) thead,.ot-sdk-cookie-policy:not(#ot-sdk-cookie-policy-v2) tbody,.ot-sdk-cookie-policy:not(#ot-sdk-cookie-policy-v2) th,.ot-sdk-cookie-policy:not(#ot-sdk-cookie-policy-v2) td,.ot-sdk-cookie-policy:not(#ot-sdk-cookie-policy-v2) tr{display:block}.ot-sdk-cookie-policy:not(#ot-sdk-cookie-policy-v2) thead tr{position:absolute;top:-9999px;left:-9999px}.ot-sdk-cookie-policy:not(#ot-sdk-cookie-policy-v2) tr{margin:0 0 1em 0}.ot-sdk-cookie-policy:not(#ot-sdk-cookie-policy-v2) tr:nth-child(odd),.ot-sdk-cookie-policy:not(#ot-sdk-cookie-policy-v2) tr:nth-child(odd) a{background:#f6f6f4}.ot-sdk-cookie-policy:not(#ot-sdk-cookie-policy-v2) td{border:none;border-bottom:1px solid #eee;position:relative;padding-left:50%}.ot-sdk-cookie-policy:not(#ot-sdk-cookie-policy-v2) td:before{position:absolute;height:100%;left:6px;width:40%;padding-right:10px}.ot-sdk-cookie-policy:not(#ot-sdk-cookie-policy-v2) .ot-mobile-border{display:inline-block;background-color:#e4e4e4;position:absolute;height:100%;top:0;left:45%;width:2px}.ot-sdk-cookie-policy:not(#ot-sdk-cookie-policy-v2) td:before{content:attr(data-label);font-weight:bold}.ot-sdk-cookie-policy:not(#ot-sdk-cookie-policy-v2) li{word-break:break-word;word-wrap:break-word}#ot-sdk-cookie-policy-v2.ot-sdk-cookie-policy table{overflow:hidden}#ot-sdk-cookie-policy-v2.ot-sdk-cookie-policy table td{border:none;border-bottom:1px solid #d7d7d7}#ot-sdk-cookie-policy-v2.ot-sdk-cookie-policy table,#ot-sdk-cookie-policy-v2.ot-sdk-cookie-policy thead,#ot-sdk-cookie-policy-v2.ot-sdk-cookie-policy tbody,#ot-sdk-cookie-policy-v2.ot-sdk-cookie-policy th,#ot-sdk-cookie-policy-v2.ot-sdk-cookie-policy td,#ot-sdk-cookie-policy-v2.ot-sdk-cookie-policy tr{display:block}#ot-sdk-cookie-policy-v2.ot-sdk-cookie-policy table .ot-host,#ot-sdk-cookie-policy-v2.ot-sdk-cookie-policy table .ot-cookies-type{width:auto}#ot-sdk-cookie-policy-v2.ot-sdk-cookie-policy tr{margin:0 0 1em 0}#ot-sdk-cookie-policy-v2.ot-sdk-cookie-policy td:before{height:100%;width:40%;padding-right:10px}#ot-sdk-cookie-policy-v2.ot-sdk-cookie-policy td:before{content:attr(data-label);font-weight:bold}#ot-sdk-cookie-policy-v2.ot-sdk-cookie-policy li{word-break:break-word;word-wrap:break-word}#ot-sdk-cookie-policy-v2.ot-sdk-cookie-policy thead tr{position:absolute;top:-9999px;left:-9999px;z-index:-9999}#ot-sdk-cookie-policy-v2.ot-sdk-cookie-policy table tr:last-child td{border-bottom:1px solid #d7d7d7;border-right:0px}#ot-sdk-cookie-policy-v2.ot-sdk-cookie-policy table tr:last-child td:last-child{border-bottom:0px}}
        
            #ot-sdk-cookie-policy-v2.ot-sdk-cookie-policy h5,
            #ot-sdk-cookie-policy-v2.ot-sdk-cookie-policy h6,
            #ot-sdk-cookie-policy-v2.ot-sdk-cookie-policy li,
            #ot-sdk-cookie-policy-v2.ot-sdk-cookie-policy p,
            #ot-sdk-cookie-policy-v2.ot-sdk-cookie-policy a,
            #ot-sdk-cookie-policy-v2.ot-sdk-cookie-policy span,
            #ot-sdk-cookie-policy-v2.ot-sdk-cookie-policy td,
            #ot-sdk-cookie-policy-v2.ot-sdk-cookie-policy #cookie-policy-description {
                color: #404040;
            }
            #ot-sdk-cookie-policy-v2.ot-sdk-cookie-policy th {
                color: #404040;
            }
            #ot-sdk-cookie-policy-v2.ot-sdk-cookie-policy .ot-sdk-cookie-policy-group {
                color: #404040;
            }
            
            #ot-sdk-cookie-policy-v2.ot-sdk-cookie-policy #cookie-policy-title {
                    color: #404040;
                }
            
    
            #ot-sdk-cookie-policy-v2.ot-sdk-cookie-policy table th {
                    background-color: #F8F8F8;
                }
            
    .ot-floating-button__front{background-image:url('https://cdn-ukwest.onetrust.com/logos/static/ot_persistent_cookie_icon.png')}</style><meta http-equiv="origin-trial" content="A7JYkbIvWKmS8mWYjXO12SIIsfPdI7twY91Y3LWOV/YbZmN1ZhYv8O+Zs6/IPCfBE99aV9tIC8sWZSCN09vf7gkAAACWeyJvcmlnaW4iOiJodHRwczovL2N0LnBpbnRlcmVzdC5jb206NDQzIiwiZmVhdHVyZSI6IkRpc2FibGVUaGlyZFBhcnR5U3RvcmFnZVBhcnRpdGlvbmluZzIiLCJleHBpcnkiOjE3NDIzNDIzOTksImlzU3ViZG9tYWluIjp0cnVlLCJpc1RoaXJkUGFydHkiOnRydWV9"></head>
<body id="promoPage" class="floatingHeader"><div class="hidden overlayBox" id="overlayBox" role="dialog"></div><div class="hidden pageOverlay" id="pageOverlay"></div><div id="autoCompleteList" class="autoCompleteList jsAccess" style="top: 135.667px; left: 46px;"></div><div class="hidden basketLimit--box" id="overlayBox" role="dialog"></div><div class="hidden pageOverlay" id="pageOverlay"></div><div class="hidden overlayBox" id="overlayBox" role="dialog"></div><div class="hidden pageOverlay" id="pageOverlay"></div><script src="https://ad.doubleclick.net/ddm/adj/N1137.197812.NSO.CODESRV/B21775955.230651293;sz=1x2;ord=725646150416?"></script>
<div id="page" style="padding-top: 187.333px;">
<!-- Header Nav Start --><!-- BEGIN LayoutContainerTop.jspf --><!-- BEGIN HeaderDisplay.jspf --><!-- BEGIN CachedHeaderDisplay.jsp -->

<ul id="skipLinks">
<li><a href="#content">Skip to main content</a></li>
<li><a href="#groceriesNav">Skip to groceries navigation menu</a></li>

</ul>

<div id="globalHeaderContainer">
<div class="header globalHeader" id="globalHeader">
<div class="globalNav">
<ul>
<li>		
    <a href="http://www.sainsburys.co.uk">
        Explore more at Sainsburys.co.uk
    </a>
</li>
<li>
    <a href="http://help.sainsburys.co.uk" rel="external" class="helpCentre">
        
        Help Centre 
    <span class="access"> (opens in a new window/tab)</span></a>
</li>
<li>
    <a href="http://stores.sainsburys.co.uk" rel="external" class="soteLocator">
        Store Locator 
    <span class="access"> (opens in a new window/tab)</span></a>
</li>
<li class="loginRegister">
     
            
            <a href="https://www.sainsburys.co.uk/shop/LogonView?logonCallerId=LogonButton&amp;catalogId=10241&amp;langId=44&amp;storeId=10151&amp;URL=https%3A%2F%2Fwww.sainsburys.co.uk%2Fwebapp%2Fwcs%2Fstores%2Fservlet%2FPromotionDisplayView%3FproductId%3D45144%26storeId%3D10151%26langId%3D44%26krypto%3D94gqhVbL8Nhot%252F6XHfHGuzgThXe1gDqJvJQ4q7TYQrENu9NjLHTOiWNYwwg%252Bhtbyuf9R%252B7Z7yS2858gPeZtkyhUp%252FlSKgOTWTCj%252F95alhU%252Bt%252F%252BCCKpRXgfLTTu0MQqFcAgrpLNsJW2ayY%252FuvFh9Xn9qIhqKBgeuxWy%252F0U1s%252BeLSrYQDkso3hD3aBuWrMyvEI%252FJwORHkjJ0Igi9%252Bo%252BLrSog%253D%253D%26ddkey%3Dhttps%253APromotionDisplayView" class="login">			
                Log in / Register 
            </a> 
        
<div class="globalHeaderTrolleyLink">

<a id="checkoutLink" href="https://www.sainsburys.co.uk/shop/LogonView?catalogId=10241&amp;langId=44&amp;storeId=10151&amp;URL=AjaxOrderItemDisplayView" class="">
<span id="itemsInTrolleyContainer" class="itemsInTrolley  hidden ">
    <span id="itemsInTrolley">0</span><span class="access">&nbsp;items in trolley</span>
</span>

<span class="subTotal">
    <span class="access">Sub-total: </span><span id="trolleySubTotal" class="">Â£0.00</span><span class="access">&nbsp;excluding delivery charge</span>
</span>        
<span id="trolleyIcon" class="trolleyIcon "></span>        
<span class="access">
    Full trolley
</span>
</a>
</div>

</li>
</ul>
</div>

<div class="globalHeaderLogoSearch">
    <!-- BEGIN LogoSearchNavBar.jspf -->

<a href="http://www.sainsburys.co.uk/shop/gb/groceries" class="mainLogo"><img src="/wcsstore/SainsburysStorefrontAssetStore/img/logo_sainsburys.svg" alt="Sainsbury's"></a>

<a class="findMultiProduct" href="https://www.sainsburys.co.uk/shop/ShoppingListDisplay?urlLangId=&amp;catalogId=10241&amp;action=ShoppingListDisplay&amp;langId=44&amp;storeId=10151">Search a list of items</a>

<!-- END LogoSearchNavBar.jspf -->
</div>
<div id="groceriesNav" class="groceriesNav">
    <div class="mainNavBlock">
        <div class="searchBox" role="search">
            

<form name="sol_search" method="get" action="SearchDisplay" id="globalSearchForm">

<input type="hidden" name="viewTaskName" value="PromotionDisplayView">
<input type="hidden" name="recipesSearch" value="true">
<input type="hidden" name="orderBy" value="RELEVANCE">


      <input type="hidden" name="favouritesSelection" value="0">
  
      <input type="hidden" name="storeId" value="10151">
  
      <input type="hidden" name="langId" value="44">
  

<label for="search" class="access">Search for products</label>
<input type="search" name="searchTerm" id="search" maxlength="150" value="" autocomplete="off" placeholder="Search products">
<button type="button" id="clearSearch" class="clearSearch hidden">Clear the search field</button>
<input type="submit" class="" name="searchSubmit" id="searchSubmit" value="Search">
</form>

        
        </div>
        <ul class="mainNav">
            <li class="mainNavItem">
                
                       <a class="mainNavLink" href="https://www.sainsburys.co.uk/shop/gb/groceries">Groceries</a>
                    
            </li> 
            <li class="mainNavItem">
                
        <a class="mainNavLink" href="https://www.sainsburys.co.uk/shop/gb/groceries/favourites">Favourites</a>
    
                  
            </li>
            
                <li class="mainNavItem">
                    
                                <a class="mainNavLink" href="https://www.sainsburys.co.uk/gol-ui/nectar?shoppingAreaId=Nectar">Nectar</a>                            
                        
                 </li>
            
                <li class="mainNavItem">
                    
                                <a class="mainNavLink" href="https://www.sainsburys.co.uk/gol-ui/offers?shoppingAreaId=Offers">Offers</a>                            
                        
                 </li>
            
            <li class="mainNavItem">
                
                       <a class="mainNavLink" href="https://www.sainsburys.co.uk/shop/gb/groceries/discover">Discover</a>
                    
            </li>
            
            <li class="mainNavItem">
                
                       <a class="mainNavLink" href="https://www.sainsburys.co.uk/gol-ui/recipes">Recipes</a>
                    
            </li>
            
            <li class="mainNavItem">
            
                    <a class="mainNavLink" href="/shop/gb/saver" target="_blank">Delivery Pass</a>
                
            </li>
            
                <li class="mainNavItem">
                    
                                <a class="mainNavLink" href="https://food-to-order.sainsburys.co.uk?shoppingAreaId=Occasions">Occasions</a>                            
                        
                 </li>
            
                <li class="mainNavItem">
                    
                            <a class="mainNavLink" href="https://www.sainsburys.co.uk/gol-ui/features/ttd-hub?shoppingAreaId=TTD Hub">TTD Hub</a>                            
                        
                </li>
            
        </ul>
    </div>
    
</div>    

</div>
</div>

<!-- Generated on: Sat Jan 25 05:32:14 GMT 2025  -->
<!-- END CachedHeaderDisplay.jsp --><!-- END HeaderDisplay.jspf --><!-- END LayoutContainerTop.jspf --><!-- Header Nav End -->
<div id="main">
    <!-- Content Start -->
    <div id="content" class="article">

        <!--  Breadcrumb include to go here --><!-- Content Start -->
        <div class="section promoDetail">
            
            <img src="/wcsstore7.137.2/Sainsburys/Promotion assets/Promotion icons/Meal_Deal_For_X_Amt_L_Icon.gif" alt="Meal Deal for Â£3.75">
            
                    <img src="/wcsstore7.137.2/SainsburysStorefrontAssetStore/img/temp/temp-roundel-meal-deals.png" alt="Meal deal">
            
            <h1>
                <!-- BEGIN include/PromotionStrapline.jspf -->Meal Deal for Â£3.75<br>

<!-- FINISH include/PromotionStrapline.jspf -->
            </h1>
            <p class="deliveryInformation">
                For delivery by: 26/01/2025
            </p>
            <p>Add to your trolley the stated combination of products from the lists below to qualify for the discount.  </p>
        </div>
        
            <div class="tabs">
                <ul class="tabLinks promo">
                        
                                
                                <li>
                            
                                    <a href="https://www.sainsburys.co.uk/shop/PromotionDisplayView?listId=1&amp;catalogId=10241&amp;productId=1117540&amp;langId=44&amp;storeId=10151&amp;promotionId=10669742">
                                    List name - TBD&nbsp;x1
                                    </a>
                                </li>
                            
                                <li class="currentTab">
                                    <span>
                                        List name - TBD&nbsp;X1
                                    </span>
                                </li>
                                
                                
                                <li>
                            
                                    <a href="https://www.sainsburys.co.uk/shop/PromotionDisplayView?listId=3&amp;catalogId=10241&amp;productId=1117540&amp;langId=44&amp;storeId=10151&amp;promotionId=10669742">
                                    List name - TBD&nbsp;x1
                                    </a>
                                </li>
                            
                </ul>
            </div>
        
        <div class="listContainer mealDeal">
            
<h2 class="access">Product pagination</h2>
<div class="pagination">


<form name="search_orderBy_form" action="PromotionDisplayView" method="get">
<input type="hidden" value="44" name="langId">
<input type="hidden" value="10151" name="storeId">
<input type="hidden" value="10241" name="catalogId">
<input type="hidden" value="" name="categoryId">
<input type="hidden" value="10000" name="pageSize">
<input type="hidden" value="0" name="beginIndex">

<input type="hidden" value="10669742" name="promotionId">

    <input type="hidden" value="1117540" name="productId">

<input type="hidden" value="2" name="listId">
<input type="hidden" value="" name="searchTerm">
<input type="hidden" name="hasPreviousOrder" value="">
<input type="hidden" name="previousOrderId" value="">
<input type="hidden" name="categoryFacetId1" value="">
<input type="hidden" name="categoryFacetId2" value="">
<input type="hidden" name="bundleId" value="">



<div class="field">
    <div class="indicator">
        <label for="orderBy">Sort by:</label>
    </div>

    
            <input type="hidden" value="" name="parent_category_rn">
            <input type="hidden" value="" name="top_category">
        
    <div class="input">
        <div class="selectWrapper">
            <select id="orderBy" name="orderBy">
                
                        
                        <option value="FAVOURITES_FIRST" selected="selected">Favourites First</option>
                        <option value="PRICE_ASC">Price - Low to High</option>
                        <option value="PRICE_DESC">Price - High to Low</option>
                        <option value="NAME_ASC">Product Name - A - Z</option>
                        <option value="NAME_DESC">Product Name - Z - A</option>
                        <option value="TOP_SELLERS">Top Sellers</option>
                        
                            <option value="RATINGS_DESC">Ratings - High to Low</option>
                        
                        <option value="NEW">New</option>
                    
            </select>
            <span></span>
         </div>
    </div>
</div>
<div class="actions">
    <input type="submit" class="button" id="Sort" name="Sort" value="Sort">
</div>
</form>



<ul class="pages">
    <li class="previous">
        
        <span class="access">Go to previous page</span>
        
    </li>

<li class="current"><span class="access">Current page </span><span>1</span></li>

    <li class="next">

<span class="access">Go to next page</span>

    </li>
</ul>

</div>

            <h2 class="access">Products in this promotion</h2>
            
            <ul class="productLister listView">
                
                            <li>
                                
                                                <div class="trolleySummary"><p class="saving">
                                                         <!-- %@ include file="../../include/PromotionStrapline.jspf"% -->
                                                </p></div>
                                            
                                                <div class="trolleySummary"><p class="saving">
                                                         <!-- %@ include file="../../include/PromotionStrapline.jspf"% -->
                                                </p></div>
                                            
                                                <div class="trolleySummary"><p class="saving">
                                                         <!-- %@ include file="../../include/PromotionStrapline.jspf"% -->
                                                </p></div>
                                            <!-- BEGIN CatalogEntryThumbnailDisplay.jsp -->
    <div class="product ">
        
        <div class="errorBanner hidden" id="error153230"></div>
                        
        
        <div class="productInner">
            <div class="productInfoWrapper">
                <div class="productInfo">
                    
                            <h3>
                                <a href="https://www.sainsburys.co.uk/shop/gb/groceries/product/details/sainsburys-oranges">
                                    Sainsbury's Oranges
                                    <img src="https://assets.sainsburys-groceries.co.uk/gol/79/image.jpg" alt="">
                                </a>
                            </h3>
                        
<div class="promotion">

                        <p>
                            <a strapline="Meal Deal for Â£5.00 | 79" href="https://www.sainsburys.co.uk/shop/PromotionDisplayView?listId=2&amp;catalogId=10241&amp;productId=153230&amp;langId=44&amp;storeId=10151&amp;promotionId=10664136"><!-- BEGIN include/PromotionStrapline.jspf -->Meal Deal for Â£5.00<br>

<!-- FINISH include/PromotionStrapline.jspf -->
                            </a>
                        </p>
                    
                        <p>
                            <a strapline="Meal Deal for Â£3.75 | 79" href="https://www.sainsburys.co.uk/shop/PromotionDisplayView?listId=2&amp;catalogId=10241&amp;productId=153230&amp;langId=44&amp;storeId=10151&amp;promotionId=10669742">PLUS <!-- BEGIN include/PromotionStrapline.jspf -->Meal Deal for Â£3.75<br>

<!-- FINISH include/PromotionStrapline.jspf -->
                            </a>
                        </p>
                                
</div>

                    <div class="ThumbnailRoundel">
                    <!--ThumbnailRoundel --> 
                    </div>
                    <div class="promoBages">
                        <!-- PROMOTION -->
                    </div>


                    <!-- Review --><!-- BEGIN CatalogEntryRatingsReviewsInfo.jspf --><!-- productAllowedRatingsAndReviews: true -->
<div class="reviews">

    <a class="numberOfReviews" href="https://www.sainsburys.co.uk/shop/gb/groceries/product/details/sainsburys-oranges">
        <img src="//www.sainsburys.co.uk/wcsstore7.137.2/SainsburysStorefrontAssetStore/img/stars/rating-3_2.gif" alt="3.2069" border="0">&nbsp; 
        Reviews (58)
    </a>

</div>
<!-- END CatalogEntryRatingsReviewsInfo.jspf -->
                </div>
                <!--ThumbnailRestriction -->
            </div>
            
            <div class="addToTrolleytabBox">
            <!-- addToTrolleytabBox LIST VIEW--><!-- Start UserSubscribedOrNot.jspf --><!-- Start UserSubscribedOrNot.jsp --><!-- 
    If the user is not logged in, render this opening 
    DIV adding an addtional class to fix the border top which is removed 
    and replaced by the tabs
-->
<div class="addToTrolleytabContainer addItemBorderTop">
<!-- End AddToSubscriptionList.jsp --><!-- End AddSubscriptionList.jspf --><!-- 
                    ATTENTION!!!
                    <div class="addToTrolleytabContainer">
                    This opening div is inside "../../ReusableObjects/UserSubscribedOrNot.jsp"
                    -->
                <div class="pricingAndTrolleyOptions">  
                    <div class="priceTab activeContainer priceTabContainer" id="addItem_153231"> 
                        <div class="pricing">
                            
<p class="pricePerUnit">
30p 
</p>

<p class="pricePerMeasure">30p<abbr title="per">/</abbr><abbr title="each"><span class="pricePerMeasureMeasure">ea</span></abbr>
</p>

                                
                        </div>  
                          
                                    <div class="addToTrolleyForm ">   
                                        <!-- BEGIN AddToTrolley.jsp --><!-- fire an on add to bag here from  -->

<form class="addToTrolleyForm" name="OrderItemAddForm_153230" action="OrderItemAdd" method="post" id="OrderItemAddForm_153230">
    <input type="hidden" name="storeId" value="10151">
    <input type="hidden" name="langId" value="44">
    <input type="hidden" name="catalogId" value="10241">
    <input type="hidden" name="authToken" id="authToken153230" value="-1002%2C3jIiHU%2F3lFc4jalpGDAhYOztAdQ%3D">
    
    
    <input type="hidden" name="errorViewName" value="PromotionDisplayView">
    <input type="hidden" name="SKU_ID" value="79">
    <input type="hidden" name="itemType" value="">
    <input type="hidden" name="parentSKU" value="">
    
    
       <input type="hidden" id="productCatentryId_153231" value="153230">
       <input type="hidden" id="catEntryId_153230" value="153231">
       <input type="hidden" name="ItemSKU_ID" value="79">
     
        
        <div class="quantity hidden" id="updateQtyPanelProduct_153230" data-qty="">
            <ul>
                <li>
                    <a class="button decreaseQty " id="decreaseQty_153230" href="#">-</a> 
                </li>
                <li>	
                    <label class="access" for="quantity_153230">Quantity</label>						
                    <a href="#" class="button quantityPlp  " id="quantityUpdate_153230">
                        </a>
                    <input name="quantity" id="quantity_153230" type="hidden" size="3" value="" class="quantity">		        
                </li>
                <li>
                    
                    <a class="button increaseQty " id="increaseQty_153230" href="#">+</a>
                </li>
            </ul>
        </div>				
            
        
            <input type="hidden" name="catEntryId" value="153231">
        

        <input type="hidden" name="productId" value="153230">
        

    <input type="hidden" name="URL" value="https://www.sainsburys.co.uk/webapp/wcs/stores/servlet/PromotionDisplayView?listId=2&amp;catalogId=10241&amp;productId=1117540&amp;langId=44&amp;storeId=10151&amp;promotionId=10669742">
    <input type="hidden" name="page" value="">
    <input type="hidden" name="contractId" value="">
    <input type="hidden" name="calculateOrder" value="1">
    <input type="hidden" name="calculationUsage" value="-1,-2,-3">
    <input type="hidden" name="updateable" value="1">
    <input type="hidden" name="merge" value="***">

                                  
            <input type="hidden" id="updateUrl_153230" updateurlchild_153231="AjaxOrderItemUpdate?calculateOrder=1&amp;itemType=&amp;ordItemUpdateFlag=0&amp;orderId=.&amp;updatePrices=1&amp;authToken=-1002%252C3jIiHU%252F3lFc4jalpGDAhYOztAdQ%253D&amp;calculationUsage=-1,-2,-3&amp;storeId=10151&amp;errorViewName=AjaxQuickCartDisplay&amp;URL=AjaxQuickCartDisplay&amp;catEntryId=153231&amp;orderItemId_0=&amp;UOM_0=&amp;langId=44&amp;quantity_0=1">
            <input type="hidden" id="removeUrl_153230" removeurlchild_153231="AjaxOrderItemUpdate?calculateOrder=1&amp;itemType=&amp;productId=&amp;ordItemUpdateFlag=2&amp;orderId=.&amp;updatePrices=1&amp;authToken=-1002%252C3jIiHU%252F3lFc4jalpGDAhYOztAdQ%253D&amp;calculationUsage=-1,-2,-3&amp;storeId=10151&amp;errorViewName=AjaxQuickCartDisplay&amp;URL=AjaxQuickCartDisplay&amp;catEntryId=153231&amp;productSKU=&amp;orderItemId_0=&amp;qtyDecremented=true&amp;langId=44&amp;quantity_0=0">           
         
       <input type="hidden" name="callAjax" value="false">
       
    
    <div class="add2Cart " id="addQtyPanelProduct_153230">    
        
            <a class="button process addQty  " id="addQty_153230" href="#">
                Add
            </a>

            <input type="hidden" name="Add" value="Add">
        
    </div>

</form>
<!-- END AddToTrolley.jsp -->
                                    </div>  
                                
                    </div><!-- END priceTabContainer Add container --><!-- Subscribe container --><!-- Start AddToSubscriptionList.jspf --><!-- Start AddToSubscriptionList.jsp --><!-- End AddToSubscriptionList.jsp --><!-- End AddToSubscriptionList.jspf --> 
                </div>  
            </div>  
        </div>
    </div>     
    </div> 
    <div id="additionalItems_153231" class="additionalItems">
        <!-- BEGIN MerchandisingAssociationsDisplay.jsp --><!-- Start - JSP File Name:  MerchandisingAssociationsDisplay.jsp --><!-- END MerchandisingAssociationsDisplay.jsp -->  
    </div> 

<!-- END CatalogEntryThumbnailDisplay.jsp -->
                            </li>
                        
                            <li>
                                
                                                <div class="trolleySummary"><p class="saving">
                                                         <!-- %@ include file="../../include/PromotionStrapline.jspf"% -->
                                                </p></div>
                                            
                                                <div class="trolleySummary"><p class="saving">
                                                         <!-- %@ include file="../../include/PromotionStrapline.jspf"% -->
                                                </p></div>
                                            
                                                <div class="trolleySummary"><p class="saving">
                                                         <!-- %@ include file="../../include/PromotionStrapline.jspf"% -->
                                                </p></div>
                                            <!-- BEGIN CatalogEntryThumbnailDisplay.jsp -->
    <div class="product ">
        
        <div class="errorBanner hidden" id="error609898"></div>
                        
        
        <div class="productInner">
            <div class="productInfoWrapper">
                <div class="productInfo">
                    
                            <h3>
                                <a href="https://www.sainsburys.co.uk/shop/gb/groceries/product/details/sainsburys-conference-pear-single">
                                    Sainsbury's Conference Pear Single
                                    <img src="https://assets.sainsburys-groceries.co.uk/gol/6620654/image.jpg" alt="">
                                </a>
                            </h3>
                        
<div class="promotion">

                        <p>
                            <a strapline="Meal Deal for Â£5.00 | 6620654" href="https://www.sainsburys.co.uk/shop/PromotionDisplayView?listId=2&amp;catalogId=10241&amp;productId=609898&amp;langId=44&amp;storeId=10151&amp;promotionId=10664136"><!-- BEGIN include/PromotionStrapline.jspf -->Meal Deal for Â£5.00<br>

<!-- FINISH include/PromotionStrapline.jspf -->
                            </a>
                        </p>
                    
                        <p>
                            <a strapline="Meal Deal for Â£3.75 | 6620654" href="https://www.sainsburys.co.uk/shop/PromotionDisplayView?listId=2&amp;catalogId=10241&amp;productId=609898&amp;langId=44&amp;storeId=10151&amp;promotionId=10669742">PLUS <!-- BEGIN include/PromotionStrapline.jspf -->Meal Deal for Â£3.75<br>

<!-- FINISH include/PromotionStrapline.jspf -->
                            </a>
                        </p>
                                
</div>

                    <div class="ThumbnailRoundel">
                    <!--ThumbnailRoundel --> 
                    </div>
                    <div class="promoBages">
                        <!-- PROMOTION -->
                    </div>


                    <!-- Review --><!-- BEGIN CatalogEntryRatingsReviewsInfo.jspf --><!-- productAllowedRatingsAndReviews: true -->
<div class="reviews">

    <a class="numberOfReviews" href="https://www.sainsburys.co.uk/shop/gb/groceries/product/details/sainsburys-conference-pear-single">
        <img src="//www.sainsburys.co.uk/wcsstore7.137.2/SainsburysStorefrontAssetStore/img/stars/rating-3_6.gif" alt="3.5792" border="0">&nbsp; 
        Reviews (202)
    </a>

</div>
<!-- END CatalogEntryRatingsReviewsInfo.jspf -->
                </div>
                <!--ThumbnailRestriction -->
            </div>
            
            <div class="addToTrolleytabBox">
            <!-- addToTrolleytabBox LIST VIEW--><!-- Start UserSubscribedOrNot.jspf --><!-- Start UserSubscribedOrNot.jsp --><!-- 
    If the user is not logged in, render this opening 
    DIV adding an addtional class to fix the border top which is removed 
    and replaced by the tabs
-->
<div class="addToTrolleytabContainer addItemBorderTop">
<!-- End AddToSubscriptionList.jsp --><!-- End AddSubscriptionList.jspf --><!-- 
                    ATTENTION!!!
                    <div class="addToTrolleytabContainer">
                    This opening div is inside "../../ReusableObjects/UserSubscribedOrNot.jsp"
                    -->
                <div class="pricingAndTrolleyOptions">  
                    <div class="priceTab activeContainer priceTabContainer" id="addItem_609899"> 
                        <div class="pricing">
                            
<p class="pricePerUnit">
45p 
</p>

<p class="pricePerMeasure">45p<abbr title="per">/</abbr><abbr title="each"><span class="pricePerMeasureMeasure">ea</span></abbr>
</p>

                                
                        </div>  
                          
                                    <div class="addToTrolleyForm ">   
                                        <!-- BEGIN AddToTrolley.jsp --><!-- fire an on add to bag here from  -->

<form class="addToTrolleyForm" name="OrderItemAddForm_609898" action="OrderItemAdd" method="post" id="OrderItemAddForm_609898">
    <input type="hidden" name="storeId" value="10151">
    <input type="hidden" name="langId" value="44">
    <input type="hidden" name="catalogId" value="10241">
    <input type="hidden" name="authToken" id="authToken609898" value="-1002%2C3jIiHU%2F3lFc4jalpGDAhYOztAdQ%3D">
    
    
    <input type="hidden" name="errorViewName" value="PromotionDisplayView">
    <input type="hidden" name="SKU_ID" value="6620654">
    <input type="hidden" name="itemType" value="">
    <input type="hidden" name="parentSKU" value="">
    
    
       <input type="hidden" id="productCatentryId_609899" value="609898">
       <input type="hidden" id="catEntryId_609898" value="609899">
       <input type="hidden" name="ItemSKU_ID" value="6620654">
     
        
        <div class="quantity hidden" id="updateQtyPanelProduct_609898" data-qty="">
            <ul>
                <li>
                    <a class="button decreaseQty " id="decreaseQty_609898" href="#">-</a> 
                </li>
                <li>	
                    <label class="access" for="quantity_609898">Quantity</label>						
                    <a href="#" class="button quantityPlp  " id="quantityUpdate_609898">
                        </a>
                    <input name="quantity" id="quantity_609898" type="hidden" size="3" value="" class="quantity">		        
                </li>
                <li>
                    
                    <a class="button increaseQty " id="increaseQty_609898" href="#">+</a>
                </li>
            </ul>
        </div>				
            
        
            <input type="hidden" name="catEntryId" value="609899">
        

        <input type="hidden" name="productId" value="609898">
        

    <input type="hidden" name="URL" value="https://www.sainsburys.co.uk/webapp/wcs/stores/servlet/PromotionDisplayView?listId=2&amp;catalogId=10241&amp;productId=1117540&amp;langId=44&amp;storeId=10151&amp;promotionId=10669742">
    <input type="hidden" name="page" value="">
    <input type="hidden" name="contractId" value="">
    <input type="hidden" name="calculateOrder" value="1">
    <input type="hidden" name="calculationUsage" value="-1,-2,-3">
    <input type="hidden" name="updateable" value="1">
    <input type="hidden" name="merge" value="***">

                                  
            <input type="hidden" id="updateUrl_609898" updateurlchild_609899="AjaxOrderItemUpdate?calculateOrder=1&amp;itemType=&amp;ordItemUpdateFlag=0&amp;orderId=.&amp;updatePrices=1&amp;authToken=-1002%252C3jIiHU%252F3lFc4jalpGDAhYOztAdQ%253D&amp;calculationUsage=-1,-2,-3&amp;storeId=10151&amp;errorViewName=AjaxQuickCartDisplay&amp;URL=AjaxQuickCartDisplay&amp;catEntryId=609899&amp;orderItemId_0=&amp;UOM_0=&amp;langId=44&amp;quantity_0=1">
            <input type="hidden" id="removeUrl_609898" removeurlchild_609899="AjaxOrderItemUpdate?calculateOrder=1&amp;itemType=&amp;productId=&amp;ordItemUpdateFlag=2&amp;orderId=.&amp;updatePrices=1&amp;authToken=-1002%252C3jIiHU%252F3lFc4jalpGDAhYOztAdQ%253D&amp;calculationUsage=-1,-2,-3&amp;storeId=10151&amp;errorViewName=AjaxQuickCartDisplay&amp;URL=AjaxQuickCartDisplay&amp;catEntryId=609899&amp;productSKU=&amp;orderItemId_0=&amp;qtyDecremented=true&amp;langId=44&amp;quantity_0=0">           
         
       <input type="hidden" name="callAjax" value="false">
       
    
    <div class="add2Cart " id="addQtyPanelProduct_609898">    
        
            <a class="button process addQty  " id="addQty_609898" href="#">
                Add
            </a>

            <input type="hidden" name="Add" value="Add">
        
    </div>

</form>
<!-- END AddToTrolley.jsp -->
                                    </div>  
                                
                    </div><!-- END priceTabContainer Add container --><!-- Subscribe container --><!-- Start AddToSubscriptionList.jspf --><!-- Start AddToSubscriptionList.jsp --><!-- End AddToSubscriptionList.jsp --><!-- End AddToSubscriptionList.jspf --> 
                </div>  
            </div>  
        </div>
    </div>     
    </div> 
    <div id="additionalItems_609899" class="additionalItems">
        <!-- BEGIN MerchandisingAssociationsDisplay.jsp --><!-- Start - JSP File Name:  MerchandisingAssociationsDisplay.jsp --><!-- END MerchandisingAssociationsDisplay.jsp -->  
    </div> 

<!-- END CatalogEntryThumbnailDisplay.jsp -->
                            </li>
                        
                            <li>
                                
                                                <div class="trolleySummary"><p class="saving">
                                                         <!-- %@ include file="../../include/PromotionStrapline.jspf"% -->
                                                </p></div>
                                            
                                                <div class="trolleySummary"><p class="saving">
                                                         <!-- %@ include file="../../include/PromotionStrapline.jspf"% -->
                                                </p></div>
                                            
                                                <div class="trolleySummary"><p class="saving">
                                                         <!-- %@ include file="../../include/PromotionStrapline.jspf"% -->
                                                </p></div>
                                            <!-- BEGIN CatalogEntryThumbnailDisplay.jsp -->
    <div class="product ">
        
        <div class="errorBanner hidden" id="error136662"></div>
                        
        
        <div class="productInner">
            <div class="productInfoWrapper">
                <div class="productInfo">
                    
                            <h3>
                                <a href="https://www.sainsburys.co.uk/shop/gb/groceries/product/details/sainsburys-braeburn-apple-single">
                                    Sainsbury's Braeburn Apple Single
                                    <img src="https://assets.sainsburys-groceries.co.uk/gol/6617773/image.jpg" alt="">
                                </a>
                            </h3>
                        
<div class="promotion">

                        <p>
                            <a strapline="Meal Deal for Â£5.00 | 6617773" href="https://www.sainsburys.co.uk/shop/PromotionDisplayView?listId=2&amp;catalogId=10241&amp;productId=136662&amp;langId=44&amp;storeId=10151&amp;promotionId=10664136"><!-- BEGIN include/PromotionStrapline.jspf -->Meal Deal for Â£5.00<br>

<!-- FINISH include/PromotionStrapline.jspf -->
                            </a>
                        </p>
                    
                        <p>
                            <a strapline="Meal Deal for Â£3.75 | 6617773" href="https://www.sainsburys.co.uk/shop/PromotionDisplayView?listId=2&amp;catalogId=10241&amp;productId=136662&amp;langId=44&amp;storeId=10151&amp;promotionId=10669742">PLUS <!-- BEGIN include/PromotionStrapline.jspf -->Meal Deal for Â£3.75<br>

<!-- FINISH include/PromotionStrapline.jspf -->
                            </a>
                        </p>
                                
</div>

                    <div class="ThumbnailRoundel">
                    <!--ThumbnailRoundel --> 
                    </div>
                    <div class="promoBages">
                        <!-- PROMOTION -->
                    </div>


                    <!-- Review --><!-- BEGIN CatalogEntryRatingsReviewsInfo.jspf --><!-- productAllowedRatingsAndReviews: true -->
<div class="reviews">

    <a class="numberOfReviews" href="https://www.sainsburys.co.uk/shop/gb/groceries/product/details/sainsburys-braeburn-apple-single">
        <img src="//www.sainsburys.co.uk/wcsstore7.137.2/SainsburysStorefrontAssetStore/img/stars/rating-3_3.gif" alt="3.2679" border="0">&nbsp; 
        Reviews (224)
    </a>

</div>
<!-- END CatalogEntryRatingsReviewsInfo.jspf -->
                </div>
                <!--ThumbnailRestriction -->
            </div>
            
            <div class="addToTrolleytabBox">
            <!-- addToTrolleytabBox LIST VIEW--><!-- Start UserSubscribedOrNot.jspf --><!-- Start UserSubscribedOrNot.jsp --><!-- 
    If the user is not logged in, render this opening 
    DIV adding an addtional class to fix the border top which is removed 
    and replaced by the tabs
-->
<div class="addToTrolleytabContainer addItemBorderTop">
<!-- End AddToSubscriptionList.jsp --><!-- End AddSubscriptionList.jspf --><!-- 
                    ATTENTION!!!
                    <div class="addToTrolleytabContainer">
                    This opening div is inside "../../ReusableObjects/UserSubscribedOrNot.jsp"
                    -->
                <div class="pricingAndTrolleyOptions">  
                    <div class="priceTab activeContainer priceTabContainer" id="addItem_136663"> 
                        <div class="pricing">
                            
<p class="pricePerUnit">
35p 
</p>

<p class="pricePerMeasure">35p<abbr title="per">/</abbr><abbr title="each"><span class="pricePerMeasureMeasure">ea</span></abbr>
</p>

                                
                        </div>  
                          
                                    <div class="addToTrolleyForm ">   
                                        <!-- BEGIN AddToTrolley.jsp --><!-- fire an on add to bag here from  -->

<form class="addToTrolleyForm" name="OrderItemAddForm_136662" action="OrderItemAdd" method="post" id="OrderItemAddForm_136662">
    <input type="hidden" name="storeId" value="10151">
    <input type="hidden" name="langId" value="44">
    <input type="hidden" name="catalogId" value="10241">
    <input type="hidden" name="authToken" id="authToken136662" value="-1002%2C3jIiHU%2F3lFc4jalpGDAhYOztAdQ%3D">
    
    
    <input type="hidden" name="errorViewName" value="PromotionDisplayView">
    <input type="hidden" name="SKU_ID" value="6617773">
    <input type="hidden" name="itemType" value="">
    <input type="hidden" name="parentSKU" value="">
    
    
       <input type="hidden" id="productCatentryId_136663" value="136662">
       <input type="hidden" id="catEntryId_136662" value="136663">
       <input type="hidden" name="ItemSKU_ID" value="6617773">
     
        
        <div class="quantity hidden" id="updateQtyPanelProduct_136662" data-qty="">
            <ul>
                <li>
                    <a class="button decreaseQty " id="decreaseQty_136662" href="#">-</a> 
                </li>
                <li>	
                    <label class="access" for="quantity_136662">Quantity</label>						
                    <a href="#" class="button quantityPlp  " id="quantityUpdate_136662">
                        </a>
                    <input name="quantity" id="quantity_136662" type="hidden" size="3" value="" class="quantity">		        
                </li>
                <li>
                    
                    <a class="button increaseQty " id="increaseQty_136662" href="#">+</a>
                </li>
            </ul>
        </div>				
            
        
            <input type="hidden" name="catEntryId" value="136663">
        

        <input type="hidden" name="productId" value="136662">
        

    <input type="hidden" name="URL" value="https://www.sainsburys.co.uk/webapp/wcs/stores/servlet/PromotionDisplayView?listId=2&amp;catalogId=10241&amp;productId=1117540&amp;langId=44&amp;storeId=10151&amp;promotionId=10669742">
    <input type="hidden" name="page" value="">
    <input type="hidden" name="contractId" value="">
    <input type="hidden" name="calculateOrder" value="1">
    <input type="hidden" name="calculationUsage" value="-1,-2,-3">
    <input type="hidden" name="updateable" value="1">
    <input type="hidden" name="merge" value="***">

                                  
            <input type="hidden" id="updateUrl_136662" updateurlchild_136663="AjaxOrderItemUpdate?calculateOrder=1&amp;itemType=&amp;ordItemUpdateFlag=0&amp;orderId=.&amp;updatePrices=1&amp;authToken=-1002%252C3jIiHU%252F3lFc4jalpGDAhYOztAdQ%253D&amp;calculationUsage=-1,-2,-3&amp;storeId=10151&amp;errorViewName=AjaxQuickCartDisplay&amp;URL=AjaxQuickCartDisplay&amp;catEntryId=136663&amp;orderItemId_0=&amp;UOM_0=&amp;langId=44&amp;quantity_0=1">
            <input type="hidden" id="removeUrl_136662" removeurlchild_136663="AjaxOrderItemUpdate?calculateOrder=1&amp;itemType=&amp;productId=&amp;ordItemUpdateFlag=2&amp;orderId=.&amp;updatePrices=1&amp;authToken=-1002%252C3jIiHU%252F3lFc4jalpGDAhYOztAdQ%253D&amp;calculationUsage=-1,-2,-3&amp;storeId=10151&amp;errorViewName=AjaxQuickCartDisplay&amp;URL=AjaxQuickCartDisplay&amp;catEntryId=136663&amp;productSKU=&amp;orderItemId_0=&amp;qtyDecremented=true&amp;langId=44&amp;quantity_0=0">           
         
       <input type="hidden" name="callAjax" value="false">
       
    
    <div class="add2Cart " id="addQtyPanelProduct_136662">    
        
            <a class="button process addQty  " id="addQty_136662" href="#">
                Add
            </a>

            <input type="hidden" name="Add" value="Add">
        
    </div>

</form>
<!-- END AddToTrolley.jsp -->
                                    </div>  
                                
                    </div><!-- END priceTabContainer Add container --><!-- Subscribe container --><!-- Start AddToSubscriptionList.jspf --><!-- Start AddToSubscriptionList.jsp --><!-- End AddToSubscriptionList.jsp --><!-- End AddToSubscriptionList.jspf --> 
                </div>  
            </div>  
        </div>
    </div>     
    </div> 
    <div id="additionalItems_136663" class="additionalItems">
        <!-- BEGIN MerchandisingAssociationsDisplay.jsp --><!-- Start - JSP File Name:  MerchandisingAssociationsDisplay.jsp --><!-- END MerchandisingAssociationsDisplay.jsp -->  
    </div> 

<!-- END CatalogEntryThumbnailDisplay.jsp -->
                            </li>
                        
                            <li>
                                
                                                <div class="trolleySummary"><p class="saving">
                                                         <!-- %@ include file="../../include/PromotionStrapline.jspf"% -->
                                                </p></div>
                                            
                                                <div class="trolleySummary"><p class="saving">
                                                         <!-- %@ include file="../../include/PromotionStrapline.jspf"% -->
                                                </p></div>
                                            
                                                <div class="trolleySummary"><p class="saving">
                                                         <!-- %@ include file="../../include/PromotionStrapline.jspf"% -->
                                                </p></div>
                                            <!-- BEGIN CatalogEntryThumbnailDisplay.jsp -->
    <div class="product ">
        
        <div class="errorBanner hidden" id="error136666"></div>
                        
        
        <div class="productInner">
            <div class="productInfoWrapper">
                <div class="productInfo">
                    
                            <h3>
                                <a href="https://www.sainsburys.co.uk/shop/gb/groceries/product/details/sainsburys-pink-lady-apple-single-c">
                                    Sainsbury's Pink Lady Apple Single
                                    <img src="https://assets.sainsburys-groceries.co.uk/gol/6617988/image.jpg" alt="">
                                </a>
                            </h3>
                        
<div class="promotion">

                        <p>
                            <a strapline="Meal Deal for Â£5.00 | 6617988" href="https://www.sainsburys.co.uk/shop/PromotionDisplayView?listId=2&amp;catalogId=10241&amp;productId=136666&amp;langId=44&amp;storeId=10151&amp;promotionId=10664136"><!-- BEGIN include/PromotionStrapline.jspf -->Meal Deal for Â£5.00<br>

<!-- FINISH include/PromotionStrapline.jspf -->
                            </a>
                        </p>
                    
                        <p>
                            <a strapline="Meal Deal for Â£3.75 | 6617988" href="https://www.sainsburys.co.uk/shop/PromotionDisplayView?listId=2&amp;catalogId=10241&amp;productId=136666&amp;langId=44&amp;storeId=10151&amp;promotionId=10669742">PLUS <!-- BEGIN include/PromotionStrapline.jspf -->Meal Deal for Â£3.75<br>

<!-- FINISH include/PromotionStrapline.jspf -->
                            </a>
                        </p>
                                
</div>

                    <div class="ThumbnailRoundel">
                    <!--ThumbnailRoundel --> 
                    </div>
                    <div class="promoBages">
                        <!-- PROMOTION -->
                    </div>


                    <!-- Review --><!-- BEGIN CatalogEntryRatingsReviewsInfo.jspf --><!-- productAllowedRatingsAndReviews: true -->
<div class="reviews">

    <a class="numberOfReviews" href="https://www.sainsburys.co.uk/shop/gb/groceries/product/details/sainsburys-pink-lady-apple-single-c">
        <img src="//www.sainsburys.co.uk/wcsstore7.137.2/SainsburysStorefrontAssetStore/img/stars/rating-4_1.gif" alt="4.1111" border="0">&nbsp; 
        Reviews (342)
    </a>

</div>
<!-- END CatalogEntryRatingsReviewsInfo.jspf -->
                </div>
                <!--ThumbnailRestriction -->
            </div>
            
            <div class="addToTrolleytabBox">
            <!-- addToTrolleytabBox LIST VIEW--><!-- Start UserSubscribedOrNot.jspf --><!-- Start UserSubscribedOrNot.jsp --><!-- 
    If the user is not logged in, render this opening 
    DIV adding an addtional class to fix the border top which is removed 
    and replaced by the tabs
-->
<div class="addToTrolleytabContainer addItemBorderTop">
<!-- End AddToSubscriptionList.jsp --><!-- End AddSubscriptionList.jspf --><!-- 
                    ATTENTION!!!
                    <div class="addToTrolleytabContainer">
                    This opening div is inside "../../ReusableObjects/UserSubscribedOrNot.jsp"
                    -->
                <div class="pricingAndTrolleyOptions">  
                    <div class="priceTab activeContainer priceTabContainer" id="addItem_136667"> 
                        <div class="pricing">
                            
<p class="pricePerUnit">
50p 
</p>

<p class="pricePerMeasure">50p<abbr title="per">/</abbr><abbr title="each"><span class="pricePerMeasureMeasure">ea</span></abbr>
</p>

                                
                        </div>  
                          
                                    <div class="addToTrolleyForm ">   
                                        <!-- BEGIN AddToTrolley.jsp --><!-- fire an on add to bag here from  -->

<form class="addToTrolleyForm" name="OrderItemAddForm_136666" action="OrderItemAdd" method="post" id="OrderItemAddForm_136666">
    <input type="hidden" name="storeId" value="10151">
    <input type="hidden" name="langId" value="44">
    <input type="hidden" name="catalogId" value="10241">
    <input type="hidden" name="authToken" id="authToken136666" value="-1002%2C3jIiHU%2F3lFc4jalpGDAhYOztAdQ%3D">
    
    
    <input type="hidden" name="errorViewName" value="PromotionDisplayView">
    <input type="hidden" name="SKU_ID" value="6617988">
    <input type="hidden" name="itemType" value="">
    <input type="hidden" name="parentSKU" value="">
    
    
       <input type="hidden" id="productCatentryId_136667" value="136666">
       <input type="hidden" id="catEntryId_136666" value="136667">
       <input type="hidden" name="ItemSKU_ID" value="6617988">
     
        
        <div class="quantity hidden" id="updateQtyPanelProduct_136666" data-qty="">
            <ul>
                <li>
                    <a class="button decreaseQty " id="decreaseQty_136666" href="#">-</a> 
                </li>
                <li>	
                    <label class="access" for="quantity_136666">Quantity</label>						
                    <a href="#" class="button quantityPlp  " id="quantityUpdate_136666">
                        </a>
                    <input name="quantity" id="quantity_136666" type="hidden" size="3" value="" class="quantity">		        
                </li>
                <li>
                    
                    <a class="button increaseQty " id="increaseQty_136666" href="#">+</a>
                </li>
            </ul>
        </div>				
            
        
            <input type="hidden" name="catEntryId" value="136667">
        

        <input type="hidden" name="productId" value="136666">
        

    <input type="hidden" name="URL" value="https://www.sainsburys.co.uk/webapp/wcs/stores/servlet/PromotionDisplayView?listId=2&amp;catalogId=10241&amp;productId=1117540&amp;langId=44&amp;storeId=10151&amp;promotionId=10669742">
    <input type="hidden" name="page" value="">
    <input type="hidden" name="contractId" value="">
    <input type="hidden" name="calculateOrder" value="1">
    <input type="hidden" name="calculationUsage" value="-1,-2,-3">
    <input type="hidden" name="updateable" value="1">
    <input type="hidden" name="merge" value="***">

                                  
            <input type="hidden" id="updateUrl_136666" updateurlchild_136667="AjaxOrderItemUpdate?calculateOrder=1&amp;itemType=&amp;ordItemUpdateFlag=0&amp;orderId=.&amp;updatePrices=1&amp;authToken=-1002%252C3jIiHU%252F3lFc4jalpGDAhYOztAdQ%253D&amp;calculationUsage=-1,-2,-3&amp;storeId=10151&amp;errorViewName=AjaxQuickCartDisplay&amp;URL=AjaxQuickCartDisplay&amp;catEntryId=136667&amp;orderItemId_0=&amp;UOM_0=&amp;langId=44&amp;quantity_0=1">
            <input type="hidden" id="removeUrl_136666" removeurlchild_136667="AjaxOrderItemUpdate?calculateOrder=1&amp;itemType=&amp;productId=&amp;ordItemUpdateFlag=2&amp;orderId=.&amp;updatePrices=1&amp;authToken=-1002%252C3jIiHU%252F3lFc4jalpGDAhYOztAdQ%253D&amp;calculationUsage=-1,-2,-3&amp;storeId=10151&amp;errorViewName=AjaxQuickCartDisplay&amp;URL=AjaxQuickCartDisplay&amp;catEntryId=136667&amp;productSKU=&amp;orderItemId_0=&amp;qtyDecremented=true&amp;langId=44&amp;quantity_0=0">           
         
       <input type="hidden" name="callAjax" value="false">
       
    
    <div class="add2Cart " id="addQtyPanelProduct_136666">    
        
            <a class="button process addQty  " id="addQty_136666" href="#">
                Add
            </a>

            <input type="hidden" name="Add" value="Add">
        
    </div>

</form>
<!-- END AddToTrolley.jsp -->
                                    </div>  
                                
                    </div><!-- END priceTabContainer Add container --><!-- Subscribe container --><!-- Start AddToSubscriptionList.jspf --><!-- Start AddToSubscriptionList.jsp --><!-- End AddToSubscriptionList.jsp --><!-- End AddToSubscriptionList.jspf --> 
                </div>  
            </div>  
        </div>
    </div>     
    </div> 
    <div id="additionalItems_136667" class="additionalItems">
        <!-- BEGIN MerchandisingAssociationsDisplay.jsp --><!-- Start - JSP File Name:  MerchandisingAssociationsDisplay.jsp --><!-- END MerchandisingAssociationsDisplay.jsp -->  
    </div> 

<!-- END CatalogEntryThumbnailDisplay.jsp -->
                            </li>
                        
                            <li>
                                
                                                <div class="trolleySummary"><p class="saving">
                                                         <!-- %@ include file="../../include/PromotionStrapline.jspf"% -->
                                                </p></div>
                                            
                                                <div class="trolleySummary"><p class="saving">
                                                         <!-- %@ include file="../../include/PromotionStrapline.jspf"% -->
                                                </p></div>
                                            
                                                <div class="trolleySummary"><p class="saving">
                                                         <!-- %@ include file="../../include/PromotionStrapline.jspf"% -->
                                                </p></div>
                                            <!-- BEGIN CatalogEntryThumbnailDisplay.jsp -->
    <div class="product ">
        
        <div class="errorBanner hidden" id="error961292"></div>
                        
        
        <div class="productInner">
            <div class="productInfoWrapper">
                <div class="productInfo">
                    
                            <h3>
                                <a href="https://www.sainsburys.co.uk/shop/gb/groceries/product/details/sainsburys-british-royal-gala-apple-single-c">
                                    Sainsbury's Royal Gala Apple Single
                                    <img src="https://assets.sainsburys-groceries.co.uk/gol/6617755/image.jpg" alt="">
                                </a>
                            </h3>
                        
<div class="promotion">

                        <p>
                            <a strapline="Meal Deal for Â£5.00 | 6617755" href="https://www.sainsburys.co.uk/shop/PromotionDisplayView?listId=2&amp;catalogId=10241&amp;productId=961292&amp;langId=44&amp;storeId=10151&amp;promotionId=10664136"><!-- BEGIN include/PromotionStrapline.jspf -->Meal Deal for Â£5.00<br>

<!-- FINISH include/PromotionStrapline.jspf -->
                            </a>
                        </p>
                    
                        <p>
                            <a strapline="Meal Deal for Â£3.75 | 6617755" href="https://www.sainsburys.co.uk/shop/PromotionDisplayView?listId=2&amp;catalogId=10241&amp;productId=961292&amp;langId=44&amp;storeId=10151&amp;promotionId=10669742">PLUS <!-- BEGIN include/PromotionStrapline.jspf -->Meal Deal for Â£3.75<br>

<!-- FINISH include/PromotionStrapline.jspf -->
                            </a>
                        </p>
                                
</div>

                    <div class="ThumbnailRoundel">
                    <!--ThumbnailRoundel --> 
                    </div>
                    <div class="promoBages">
                        <!-- PROMOTION -->
                    </div>


                    <!-- Review --><!-- BEGIN CatalogEntryRatingsReviewsInfo.jspf --><!-- productAllowedRatingsAndReviews: true -->
<div class="reviews">

    <a class="numberOfReviews" href="https://www.sainsburys.co.uk/shop/gb/groceries/product/details/sainsburys-british-royal-gala-apple-single-c">
        <img src="//www.sainsburys.co.uk/wcsstore7.137.2/SainsburysStorefrontAssetStore/img/stars/rating-3_6.gif" alt="3.625" border="0">&nbsp; 
        Reviews (240)
    </a>

</div>
<!-- END CatalogEntryRatingsReviewsInfo.jspf -->
                </div>
                <!--ThumbnailRestriction -->
            </div>
            
            <div class="addToTrolleytabBox">
            <!-- addToTrolleytabBox LIST VIEW--><!-- Start UserSubscribedOrNot.jspf --><!-- Start UserSubscribedOrNot.jsp --><!-- 
    If the user is not logged in, render this opening 
    DIV adding an addtional class to fix the border top which is removed 
    and replaced by the tabs
-->
<div class="addToTrolleytabContainer addItemBorderTop">
<!-- End AddToSubscriptionList.jsp --><!-- End AddSubscriptionList.jspf --><!-- 
                    ATTENTION!!!
                    <div class="addToTrolleytabContainer">
                    This opening div is inside "../../ReusableObjects/UserSubscribedOrNot.jsp"
                    -->
                <div class="pricingAndTrolleyOptions">  
                    <div class="priceTab activeContainer priceTabContainer" id="addItem_961293"> 
                        <div class="pricing">
                            
<p class="pricePerUnit">
35p 
</p>

<p class="pricePerMeasure">35p<abbr title="per">/</abbr><abbr title="each"><span class="pricePerMeasureMeasure">ea</span></abbr>
</p>

                                
                        </div>  
                          
                                    <div class="addToTrolleyForm ">   
                                        <!-- BEGIN AddToTrolley.jsp --><!-- fire an on add to bag here from  -->

<form class="addToTrolleyForm" name="OrderItemAddForm_961292" action="OrderItemAdd" method="post" id="OrderItemAddForm_961292">
    <input type="hidden" name="storeId" value="10151">
    <input type="hidden" name="langId" value="44">
    <input type="hidden" name="catalogId" value="10241">
    <input type="hidden" name="authToken" id="authToken961292" value="-1002%2C3jIiHU%2F3lFc4jalpGDAhYOztAdQ%3D">
    
    
    <input type="hidden" name="errorViewName" value="PromotionDisplayView">
    <input type="hidden" name="SKU_ID" value="6617755">
    <input type="hidden" name="itemType" value="">
    <input type="hidden" name="parentSKU" value="">
    
    
       <input type="hidden" id="productCatentryId_961293" value="961292">
       <input type="hidden" id="catEntryId_961292" value="961293">
       <input type="hidden" name="ItemSKU_ID" value="6617755">
     
        
        <div class="quantity hidden" id="updateQtyPanelProduct_961292" data-qty="">
            <ul>
                <li>
                    <a class="button decreaseQty " id="decreaseQty_961292" href="#">-</a> 
                </li>
                <li>	
                    <label class="access" for="quantity_961292">Quantity</label>						
                    <a href="#" class="button quantityPlp  " id="quantityUpdate_961292">
                        </a>
                    <input name="quantity" id="quantity_961292" type="hidden" size="3" value="" class="quantity">		        
                </li>
                <li>
                    
                    <a class="button increaseQty " id="increaseQty_961292" href="#">+</a>
                </li>
            </ul>
        </div>				
            
        
            <input type="hidden" name="catEntryId" value="961293">
        

        <input type="hidden" name="productId" value="961292">
        

    <input type="hidden" name="URL" value="https://www.sainsburys.co.uk/webapp/wcs/stores/servlet/PromotionDisplayView?listId=2&amp;catalogId=10241&amp;productId=1117540&amp;langId=44&amp;storeId=10151&amp;promotionId=10669742">
    <input type="hidden" name="page" value="">
    <input type="hidden" name="contractId" value="">
    <input type="hidden" name="calculateOrder" value="1">
    <input type="hidden" name="calculationUsage" value="-1,-2,-3">
    <input type="hidden" name="updateable" value="1">
    <input type="hidden" name="merge" value="***">

                                  
            <input type="hidden" id="updateUrl_961292" updateurlchild_961293="AjaxOrderItemUpdate?calculateOrder=1&amp;itemType=&amp;ordItemUpdateFlag=0&amp;orderId=.&amp;updatePrices=1&amp;authToken=-1002%252C3jIiHU%252F3lFc4jalpGDAhYOztAdQ%253D&amp;calculationUsage=-1,-2,-3&amp;storeId=10151&amp;errorViewName=AjaxQuickCartDisplay&amp;URL=AjaxQuickCartDisplay&amp;catEntryId=961293&amp;orderItemId_0=&amp;UOM_0=&amp;langId=44&amp;quantity_0=1">
            <input type="hidden" id="removeUrl_961292" removeurlchild_961293="AjaxOrderItemUpdate?calculateOrder=1&amp;itemType=&amp;productId=&amp;ordItemUpdateFlag=2&amp;orderId=.&amp;updatePrices=1&amp;authToken=-1002%252C3jIiHU%252F3lFc4jalpGDAhYOztAdQ%253D&amp;calculationUsage=-1,-2,-3&amp;storeId=10151&amp;errorViewName=AjaxQuickCartDisplay&amp;URL=AjaxQuickCartDisplay&amp;catEntryId=961293&amp;productSKU=&amp;orderItemId_0=&amp;qtyDecremented=true&amp;langId=44&amp;quantity_0=0">           
         
       <input type="hidden" name="callAjax" value="false">
       
    
    <div class="add2Cart " id="addQtyPanelProduct_961292">    
        
            <a class="button process addQty  " id="addQty_961292" href="#">
                Add
            </a>

            <input type="hidden" name="Add" value="Add">
        
    </div>

</form>
<!-- END AddToTrolley.jsp -->
                                    </div>  
                                
                    </div><!-- END priceTabContainer Add container --><!-- Subscribe container --><!-- Start AddToSubscriptionList.jspf --><!-- Start AddToSubscriptionList.jsp --><!-- End AddToSubscriptionList.jsp --><!-- End AddToSubscriptionList.jspf --> 
                </div>  
            </div>  
        </div>
    </div>     
    </div> 
    <div id="additionalItems_961293" class="additionalItems">
        <!-- BEGIN MerchandisingAssociationsDisplay.jsp --><!-- Start - JSP File Name:  MerchandisingAssociationsDisplay.jsp --><!-- END MerchandisingAssociationsDisplay.jsp -->  
    </div> 

<!-- END CatalogEntryThumbnailDisplay.jsp -->
                            </li>
                        
                            <li>
                                
                                                <div class="trolleySummary"><p class="saving">
                                                         <!-- %@ include file="../../include/PromotionStrapline.jspf"% -->
                                                </p></div>
                                            
                                                <div class="trolleySummary"><p class="saving">
                                                         <!-- %@ include file="../../include/PromotionStrapline.jspf"% -->
                                                </p></div>
                                            
                                                <div class="trolleySummary"><p class="saving">
                                                         <!-- %@ include file="../../include/PromotionStrapline.jspf"% -->
                                                </p></div>
                                            <!-- BEGIN CatalogEntryThumbnailDisplay.jsp -->
    <div class="product ">
        
        <div class="errorBanner hidden" id="error146280"></div>
                        
        
        <div class="productInner">
            <div class="productInfoWrapper">
                <div class="productInfo">
                    
                            <h3>
                                <a href="https://www.sainsburys.co.uk/shop/gb/groceries/product/details/sainsburys-granny-smith-apples-single-c">
                                    Sainsbury's Granny Smith Apples Single
                                    <img src="https://assets.sainsburys-groceries.co.uk/gol/7533845/image.jpg" alt="">
                                </a>
                            </h3>
                        
<div class="promotion">

                        <p>
                            <a strapline="Meal Deal for Â£5.00 | 7533845" href="https://www.sainsburys.co.uk/shop/PromotionDisplayView?listId=2&amp;catalogId=10241&amp;productId=146280&amp;langId=44&amp;storeId=10151&amp;promotionId=10664136"><!-- BEGIN include/PromotionStrapline.jspf -->Meal Deal for Â£5.00<br>

<!-- FINISH include/PromotionStrapline.jspf -->
                            </a>
                        </p>
                    
                        <p>
                            <a strapline="Meal Deal for Â£3.75 | 7533845" href="https://www.sainsburys.co.uk/shop/PromotionDisplayView?listId=2&amp;catalogId=10241&amp;productId=146280&amp;langId=44&amp;storeId=10151&amp;promotionId=10669742">PLUS <!-- BEGIN include/PromotionStrapline.jspf -->Meal Deal for Â£3.75<br>

<!-- FINISH include/PromotionStrapline.jspf -->
                            </a>
                        </p>
                                
</div>

                    <div class="ThumbnailRoundel">
                    <!--ThumbnailRoundel --> 
                    </div>
                    <div class="promoBages">
                        <!-- PROMOTION -->
                    </div>


                    <!-- Review --><!-- BEGIN CatalogEntryRatingsReviewsInfo.jspf --><!-- productAllowedRatingsAndReviews: true -->
<div class="reviews">

    <a class="numberOfReviews" href="https://www.sainsburys.co.uk/shop/gb/groceries/product/details/sainsburys-granny-smith-apples-single-c">
        <img src="//www.sainsburys.co.uk/wcsstore7.137.2/SainsburysStorefrontAssetStore/img/stars/rating-4_1.gif" alt="4.0976" border="0">&nbsp; 
        Reviews (123)
    </a>

</div>
<!-- END CatalogEntryRatingsReviewsInfo.jspf -->
                </div>
                <!--ThumbnailRestriction -->
            </div>
            
            <div class="addToTrolleytabBox">
            <!-- addToTrolleytabBox LIST VIEW--><!-- Start UserSubscribedOrNot.jspf --><!-- Start UserSubscribedOrNot.jsp --><!-- 
    If the user is not logged in, render this opening 
    DIV adding an addtional class to fix the border top which is removed 
    and replaced by the tabs
-->
<div class="addToTrolleytabContainer addItemBorderTop">
<!-- End AddToSubscriptionList.jsp --><!-- End AddSubscriptionList.jspf --><!-- 
                    ATTENTION!!!
                    <div class="addToTrolleytabContainer">
                    This opening div is inside "../../ReusableObjects/UserSubscribedOrNot.jsp"
                    -->
                <div class="pricingAndTrolleyOptions">  
                    <div class="priceTab activeContainer priceTabContainer" id="addItem_146281"> 
                        <div class="pricing">
                            
<p class="pricePerUnit">
35p 
</p>

<p class="pricePerMeasure">35p<abbr title="per">/</abbr><abbr title="each"><span class="pricePerMeasureMeasure">ea</span></abbr>
</p>

                                
                        </div>  
                          
                                    <div class="addToTrolleyForm ">   
                                        <!-- BEGIN AddToTrolley.jsp --><!-- fire an on add to bag here from  -->

<form class="addToTrolleyForm" name="OrderItemAddForm_146280" action="OrderItemAdd" method="post" id="OrderItemAddForm_146280">
    <input type="hidden" name="storeId" value="10151">
    <input type="hidden" name="langId" value="44">
    <input type="hidden" name="catalogId" value="10241">
    <input type="hidden" name="authToken" id="authToken146280" value="-1002%2C3jIiHU%2F3lFc4jalpGDAhYOztAdQ%3D">
    
    
    <input type="hidden" name="errorViewName" value="PromotionDisplayView">
    <input type="hidden" name="SKU_ID" value="7533845">
    <input type="hidden" name="itemType" value="">
    <input type="hidden" name="parentSKU" value="">
    
    
       <input type="hidden" id="productCatentryId_146281" value="146280">
       <input type="hidden" id="catEntryId_146280" value="146281">
       <input type="hidden" name="ItemSKU_ID" value="7533845">
     
        
        <div class="quantity hidden" id="updateQtyPanelProduct_146280" data-qty="">
            <ul>
                <li>
                    <a class="button decreaseQty " id="decreaseQty_146280" href="#">-</a> 
                </li>
                <li>	
                    <label class="access" for="quantity_146280">Quantity</label>						
                    <a href="#" class="button quantityPlp  " id="quantityUpdate_146280">
                        </a>
                    <input name="quantity" id="quantity_146280" type="hidden" size="3" value="" class="quantity">		        
                </li>
                <li>
                    
                    <a class="button increaseQty " id="increaseQty_146280" href="#">+</a>
                </li>
            </ul>
        </div>				
            
        
            <input type="hidden" name="catEntryId" value="146281">
        

        <input type="hidden" name="productId" value="146280">
        

    <input type="hidden" name="URL" value="https://www.sainsburys.co.uk/webapp/wcs/stores/servlet/PromotionDisplayView?listId=2&amp;catalogId=10241&amp;productId=1117540&amp;langId=44&amp;storeId=10151&amp;promotionId=10669742">
    <input type="hidden" name="page" value="">
    <input type="hidden" name="contractId" value="">
    <input type="hidden" name="calculateOrder" value="1">
    <input type="hidden" name="calculationUsage" value="-1,-2,-3">
    <input type="hidden" name="updateable" value="1">
    <input type="hidden" name="merge" value="***">

                                  
            <input type="hidden" id="updateUrl_146280" updateurlchild_146281="AjaxOrderItemUpdate?calculateOrder=1&amp;itemType=&amp;ordItemUpdateFlag=0&amp;orderId=.&amp;updatePrices=1&amp;authToken=-1002%252C3jIiHU%252F3lFc4jalpGDAhYOztAdQ%253D&amp;calculationUsage=-1,-2,-3&amp;storeId=10151&amp;errorViewName=AjaxQuickCartDisplay&amp;URL=AjaxQuickCartDisplay&amp;catEntryId=146281&amp;orderItemId_0=&amp;UOM_0=&amp;langId=44&amp;quantity_0=1">
            <input type="hidden" id="removeUrl_146280" removeurlchild_146281="AjaxOrderItemUpdate?calculateOrder=1&amp;itemType=&amp;productId=&amp;ordItemUpdateFlag=2&amp;orderId=.&amp;updatePrices=1&amp;authToken=-1002%252C3jIiHU%252F3lFc4jalpGDAhYOztAdQ%253D&amp;calculationUsage=-1,-2,-3&amp;storeId=10151&amp;errorViewName=AjaxQuickCartDisplay&amp;URL=AjaxQuickCartDisplay&amp;catEntryId=146281&amp;productSKU=&amp;orderItemId_0=&amp;qtyDecremented=true&amp;langId=44&amp;quantity_0=0">           
         
       <input type="hidden" name="callAjax" value="false">
       
    
    <div class="add2Cart " id="addQtyPanelProduct_146280">    
        
            <a class="button process addQty  " id="addQty_146280" href="#">
                Add
            </a>

            <input type="hidden" name="Add" value="Add">
        
    </div>

</form>
<!-- END AddToTrolley.jsp -->
                                    </div>  
                                
                    </div><!-- END priceTabContainer Add container --><!-- Subscribe container --><!-- Start AddToSubscriptionList.jspf --><!-- Start AddToSubscriptionList.jsp --><!-- End AddToSubscriptionList.jsp --><!-- End AddToSubscriptionList.jspf --> 
                </div>  
            </div>  
        </div>
    </div>     
    </div> 
    <div id="additionalItems_146281" class="additionalItems">
        <!-- BEGIN MerchandisingAssociationsDisplay.jsp --><!-- Start - JSP File Name:  MerchandisingAssociationsDisplay.jsp --><!-- END MerchandisingAssociationsDisplay.jsp -->  
    </div> 

<!-- END CatalogEntryThumbnailDisplay.jsp -->
                            </li>
                        
                            <li>
                                
                                                <div class="trolleySummary"><p class="saving">
                                                         <!-- %@ include file="../../include/PromotionStrapline.jspf"% -->
                                                </p></div>
                                            
                                                <div class="trolleySummary"><p class="saving">
                                                         <!-- %@ include file="../../include/PromotionStrapline.jspf"% -->
                                                </p></div>
                                            
                                                <div class="trolleySummary"><p class="saving">
                                                         <!-- %@ include file="../../include/PromotionStrapline.jspf"% -->
                                                </p></div>
                                            <!-- BEGIN CatalogEntryThumbnailDisplay.jsp -->
    <div class="product ">
        
        <div class="errorBanner hidden" id="error1358516"></div>
                        
        
        <div class="productInner">
            <div class="productInfoWrapper">
                <div class="productInfo">
                    
                            <h3>
                                <a href="https://www.sainsburys.co.uk/shop/gb/groceries/product/details/sainsburys-large-kiwi-fruit-single">
                                    Sainsbury's Large Kiwi Fruit Single
                                    <img src="https://assets.sainsburys-groceries.co.uk/gol/24/image.jpg" alt="">
                                </a>
                            </h3>
                        
<div class="promotion">

                        <p>
                            <a strapline="Meal Deal for Â£5.00 | 24" href="https://www.sainsburys.co.uk/shop/PromotionDisplayView?listId=2&amp;catalogId=10241&amp;productId=1358516&amp;langId=44&amp;storeId=10151&amp;promotionId=10664136"><!-- BEGIN include/PromotionStrapline.jspf -->Meal Deal for Â£5.00<br>

<!-- FINISH include/PromotionStrapline.jspf -->
                            </a>
                        </p>
                    
                        <p>
                            <a strapline="Meal Deal for Â£3.75 | 24" href="https://www.sainsburys.co.uk/shop/PromotionDisplayView?listId=2&amp;catalogId=10241&amp;productId=1358516&amp;langId=44&amp;storeId=10151&amp;promotionId=10669742">PLUS <!-- BEGIN include/PromotionStrapline.jspf -->Meal Deal for Â£3.75<br>

<!-- FINISH include/PromotionStrapline.jspf -->
                            </a>
                        </p>
                                
</div>

                    <div class="ThumbnailRoundel">
                    <!--ThumbnailRoundel --> 
                    </div>
                    <div class="promoBages">
                        <!-- PROMOTION -->
                    </div>


                    <!-- Review --><!-- BEGIN CatalogEntryRatingsReviewsInfo.jspf --><!-- productAllowedRatingsAndReviews: true -->
<div class="reviews">

    <a class="numberOfReviews" href="https://www.sainsburys.co.uk/shop/gb/groceries/product/details/sainsburys-large-kiwi-fruit-single">
        <img src="//www.sainsburys.co.uk/wcsstore7.137.2/SainsburysStorefrontAssetStore/img/stars/rating-3_0.gif" alt="2.9615" border="0">&nbsp; 
        Reviews (26)
    </a>

</div>
<!-- END CatalogEntryRatingsReviewsInfo.jspf -->
                </div>
                <!--ThumbnailRestriction -->
            </div>
            
            <div class="addToTrolleytabBox">
            <!-- addToTrolleytabBox LIST VIEW--><!-- Start UserSubscribedOrNot.jspf --><!-- Start UserSubscribedOrNot.jsp --><!-- 
    If the user is not logged in, render this opening 
    DIV adding an addtional class to fix the border top which is removed 
    and replaced by the tabs
-->
<div class="addToTrolleytabContainer addItemBorderTop">
<!-- End AddToSubscriptionList.jsp --><!-- End AddSubscriptionList.jspf --><!-- 
                    ATTENTION!!!
                    <div class="addToTrolleytabContainer">
                    This opening div is inside "../../ReusableObjects/UserSubscribedOrNot.jsp"
                    -->
                <div class="pricingAndTrolleyOptions">  
                    <div class="priceTab activeContainer priceTabContainer" id="addItem_1358517"> 
                        <div class="pricing">
                            
<p class="pricePerUnit">
30p 
</p>

<p class="pricePerMeasure">30p<abbr title="per">/</abbr><abbr title="each"><span class="pricePerMeasureMeasure">ea</span></abbr>
</p>

                                
                        </div>  
                          
                                    <div class="addToTrolleyForm ">   
                                        <!-- BEGIN AddToTrolley.jsp --><!-- fire an on add to bag here from  -->

<form class="addToTrolleyForm" name="OrderItemAddForm_1358516" action="OrderItemAdd" method="post" id="OrderItemAddForm_1358516">
    <input type="hidden" name="storeId" value="10151">
    <input type="hidden" name="langId" value="44">
    <input type="hidden" name="catalogId" value="10241">
    <input type="hidden" name="authToken" id="authToken1358516" value="-1002%2C3jIiHU%2F3lFc4jalpGDAhYOztAdQ%3D">
    
    
    <input type="hidden" name="errorViewName" value="PromotionDisplayView">
    <input type="hidden" name="SKU_ID" value="24">
    <input type="hidden" name="itemType" value="">
    <input type="hidden" name="parentSKU" value="">
    
    
       <input type="hidden" id="productCatentryId_1358517" value="1358516">
       <input type="hidden" id="catEntryId_1358516" value="1358517">
       <input type="hidden" name="ItemSKU_ID" value="24">
     
        
        <div class="quantity hidden" id="updateQtyPanelProduct_1358516" data-qty="">
            <ul>
                <li>
                    <a class="button decreaseQty " id="decreaseQty_1358516" href="#">-</a> 
                </li>
                <li>	
                    <label class="access" for="quantity_1358516">Quantity</label>						
                    <a href="#" class="button quantityPlp  " id="quantityUpdate_1358516">
                        </a>
                    <input name="quantity" id="quantity_1358516" type="hidden" size="3" value="" class="quantity">		        
                </li>
                <li>
                    
                    <a class="button increaseQty " id="increaseQty_1358516" href="#">+</a>
                </li>
            </ul>
        </div>				
            
        
            <input type="hidden" name="catEntryId" value="1358517">
        

        <input type="hidden" name="productId" value="1358516">
        

    <input type="hidden" name="URL" value="https://www.sainsburys.co.uk/webapp/wcs/stores/servlet/PromotionDisplayView?listId=2&amp;catalogId=10241&amp;productId=1117540&amp;langId=44&amp;storeId=10151&amp;promotionId=10669742">
    <input type="hidden" name="page" value="">
    <input type="hidden" name="contractId" value="">
    <input type="hidden" name="calculateOrder" value="1">
    <input type="hidden" name="calculationUsage" value="-1,-2,-3">
    <input type="hidden" name="updateable" value="1">
    <input type="hidden" name="merge" value="***">

                                  
            <input type="hidden" id="updateUrl_1358516" updateurlchild_1358517="AjaxOrderItemUpdate?calculateOrder=1&amp;itemType=&amp;ordItemUpdateFlag=0&amp;orderId=.&amp;updatePrices=1&amp;authToken=-1002%252C3jIiHU%252F3lFc4jalpGDAhYOztAdQ%253D&amp;calculationUsage=-1,-2,-3&amp;storeId=10151&amp;errorViewName=AjaxQuickCartDisplay&amp;URL=AjaxQuickCartDisplay&amp;catEntryId=1358517&amp;orderItemId_0=&amp;UOM_0=&amp;langId=44&amp;quantity_0=1">
            <input type="hidden" id="removeUrl_1358516" removeurlchild_1358517="AjaxOrderItemUpdate?calculateOrder=1&amp;itemType=&amp;productId=&amp;ordItemUpdateFlag=2&amp;orderId=.&amp;updatePrices=1&amp;authToken=-1002%252C3jIiHU%252F3lFc4jalpGDAhYOztAdQ%253D&amp;calculationUsage=-1,-2,-3&amp;storeId=10151&amp;errorViewName=AjaxQuickCartDisplay&amp;URL=AjaxQuickCartDisplay&amp;catEntryId=1358517&amp;productSKU=&amp;orderItemId_0=&amp;qtyDecremented=true&amp;langId=44&amp;quantity_0=0">           
         
       <input type="hidden" name="callAjax" value="false">
       
    
    <div class="add2Cart " id="addQtyPanelProduct_1358516">    
        
            <a class="button process addQty  " id="addQty_1358516" href="#">
                Add
            </a>

            <input type="hidden" name="Add" value="Add">
        
    </div>

</form>
<!-- END AddToTrolley.jsp -->
                                    </div>  
                                
                    </div><!-- END priceTabContainer Add container --><!-- Subscribe container --><!-- Start AddToSubscriptionList.jspf --><!-- Start AddToSubscriptionList.jsp --><!-- End AddToSubscriptionList.jsp --><!-- End AddToSubscriptionList.jspf --> 
                </div>  
            </div>  
        </div>
    </div>     
    </div> 
    <div id="additionalItems_1358517" class="additionalItems">
        <!-- BEGIN MerchandisingAssociationsDisplay.jsp --><!-- Start - JSP File Name:  MerchandisingAssociationsDisplay.jsp --><!-- END MerchandisingAssociationsDisplay.jsp -->  
    </div> 

<!-- END CatalogEntryThumbnailDisplay.jsp -->
                            </li>
                        
                            <li>
                                
                                                <div class="trolleySummary"><p class="saving">
                                                         <!-- %@ include file="../../include/PromotionStrapline.jspf"% -->
                                                </p></div>
                                            
                                                <div class="trolleySummary"><p class="saving">
                                                         <!-- %@ include file="../../include/PromotionStrapline.jspf"% -->
                                                </p></div>
                                            
                                                <div class="trolleySummary"><p class="saving">
                                                         <!-- %@ include file="../../include/PromotionStrapline.jspf"% -->
                                                </p></div>
                                            <!-- BEGIN CatalogEntryThumbnailDisplay.jsp -->
    <div class="product ">
        
        <div class="errorBanner hidden" id="error147674"></div>
                        
        
        <div class="productInner">
            <div class="productInfoWrapper">
                <div class="productInfo">
                    
                            <h3>
                                <a href="https://www.sainsburys.co.uk/shop/gb/groceries/product/details/sainsburys-easy-peeler-each-">
                                    Sainsbury's Easy Peeler (each)
                                    <img src="https://assets.sainsburys-groceries.co.uk/gol/7555804/image.jpg" alt="">
                                </a>
                            </h3>
                        
<div class="promotion">

                        <p>
                            <a strapline="Meal Deal for Â£5.00 | 7555804" href="https://www.sainsburys.co.uk/shop/PromotionDisplayView?listId=2&amp;catalogId=10241&amp;productId=147674&amp;langId=44&amp;storeId=10151&amp;promotionId=10664136"><!-- BEGIN include/PromotionStrapline.jspf -->Meal Deal for Â£5.00<br>

<!-- FINISH include/PromotionStrapline.jspf -->
                            </a>
                        </p>
                    
                        <p>
                            <a strapline="Meal Deal for Â£3.75 | 7555804" href="https://www.sainsburys.co.uk/shop/PromotionDisplayView?listId=2&amp;catalogId=10241&amp;productId=147674&amp;langId=44&amp;storeId=10151&amp;promotionId=10669742">PLUS <!-- BEGIN include/PromotionStrapline.jspf -->Meal Deal for Â£3.75<br>

<!-- FINISH include/PromotionStrapline.jspf -->
                            </a>
                        </p>
                                
</div>

                    <div class="ThumbnailRoundel">
                    <!--ThumbnailRoundel --> 
                    </div>
                    <div class="promoBages">
                        <!-- PROMOTION -->
                    </div>


                    <!-- Review --><!-- BEGIN CatalogEntryRatingsReviewsInfo.jspf --><!-- productAllowedRatingsAndReviews: true -->
<div class="reviews">

    <a class="numberOfReviews" href="https://www.sainsburys.co.uk/shop/gb/groceries/product/details/sainsburys-easy-peeler-each-">
        <img src="//www.sainsburys.co.uk/wcsstore7.137.2/SainsburysStorefrontAssetStore/img/stars/rating-3_9.gif" alt="3.8667" border="0">&nbsp; 
        Reviews (30)
    </a>

</div>
<!-- END CatalogEntryRatingsReviewsInfo.jspf -->
                </div>
                <!--ThumbnailRestriction -->
            </div>
            
            <div class="addToTrolleytabBox">
            <!-- addToTrolleytabBox LIST VIEW--><!-- Start UserSubscribedOrNot.jspf --><!-- Start UserSubscribedOrNot.jsp --><!-- 
    If the user is not logged in, render this opening 
    DIV adding an addtional class to fix the border top which is removed 
    and replaced by the tabs
-->
<div class="addToTrolleytabContainer addItemBorderTop">
<!-- End AddToSubscriptionList.jsp --><!-- End AddSubscriptionList.jspf --><!-- 
                    ATTENTION!!!
                    <div class="addToTrolleytabContainer">
                    This opening div is inside "../../ReusableObjects/UserSubscribedOrNot.jsp"
                    -->
                <div class="pricingAndTrolleyOptions">  
                    <div class="priceTab activeContainer priceTabContainer" id="addItem_147675"> 
                        <div class="pricing">
                            
<p class="pricePerUnit">
30p 
</p>

<p class="pricePerMeasure">30p<abbr title="per">/</abbr><abbr title="each"><span class="pricePerMeasureMeasure">ea</span></abbr>
</p>

                                
                        </div>  
                          
                                    <div class="addToTrolleyForm ">   
                                        <!-- BEGIN AddToTrolley.jsp --><!-- fire an on add to bag here from  -->

<form class="addToTrolleyForm" name="OrderItemAddForm_147674" action="OrderItemAdd" method="post" id="OrderItemAddForm_147674">
    <input type="hidden" name="storeId" value="10151">
    <input type="hidden" name="langId" value="44">
    <input type="hidden" name="catalogId" value="10241">
    <input type="hidden" name="authToken" id="authToken147674" value="-1002%2C3jIiHU%2F3lFc4jalpGDAhYOztAdQ%3D">
    
    
    <input type="hidden" name="errorViewName" value="PromotionDisplayView">
    <input type="hidden" name="SKU_ID" value="7555804">
    <input type="hidden" name="itemType" value="">
    <input type="hidden" name="parentSKU" value="">
    
    
       <input type="hidden" id="productCatentryId_147675" value="147674">
       <input type="hidden" id="catEntryId_147674" value="147675">
       <input type="hidden" name="ItemSKU_ID" value="7555804">
     
        
        <div class="quantity hidden" id="updateQtyPanelProduct_147674" data-qty="">
            <ul>
                <li>
                    <a class="button decreaseQty " id="decreaseQty_147674" href="#">-</a> 
                </li>
                <li>	
                    <label class="access" for="quantity_147674">Quantity</label>						
                    <a href="#" class="button quantityPlp  " id="quantityUpdate_147674">
                        </a>
                    <input name="quantity" id="quantity_147674" type="hidden" size="3" value="" class="quantity">		        
                </li>
                <li>
                    
                    <a class="button increaseQty " id="increaseQty_147674" href="#">+</a>
                </li>
            </ul>
        </div>				
            
        
            <input type="hidden" name="catEntryId" value="147675">
        

        <input type="hidden" name="productId" value="147674">
        

    <input type="hidden" name="URL" value="https://www.sainsburys.co.uk/webapp/wcs/stores/servlet/PromotionDisplayView?listId=2&amp;catalogId=10241&amp;productId=1117540&amp;langId=44&amp;storeId=10151&amp;promotionId=10669742">
    <input type="hidden" name="page" value="">
    <input type="hidden" name="contractId" value="">
    <input type="hidden" name="calculateOrder" value="1">
    <input type="hidden" name="calculationUsage" value="-1,-2,-3">
    <input type="hidden" name="updateable" value="1">
    <input type="hidden" name="merge" value="***">

                                  
            <input type="hidden" id="updateUrl_147674" updateurlchild_147675="AjaxOrderItemUpdate?calculateOrder=1&amp;itemType=&amp;ordItemUpdateFlag=0&amp;orderId=.&amp;updatePrices=1&amp;authToken=-1002%252C3jIiHU%252F3lFc4jalpGDAhYOztAdQ%253D&amp;calculationUsage=-1,-2,-3&amp;storeId=10151&amp;errorViewName=AjaxQuickCartDisplay&amp;URL=AjaxQuickCartDisplay&amp;catEntryId=147675&amp;orderItemId_0=&amp;UOM_0=&amp;langId=44&amp;quantity_0=1">
            <input type="hidden" id="removeUrl_147674" removeurlchild_147675="AjaxOrderItemUpdate?calculateOrder=1&amp;itemType=&amp;productId=&amp;ordItemUpdateFlag=2&amp;orderId=.&amp;updatePrices=1&amp;authToken=-1002%252C3jIiHU%252F3lFc4jalpGDAhYOztAdQ%253D&amp;calculationUsage=-1,-2,-3&amp;storeId=10151&amp;errorViewName=AjaxQuickCartDisplay&amp;URL=AjaxQuickCartDisplay&amp;catEntryId=147675&amp;productSKU=&amp;orderItemId_0=&amp;qtyDecremented=true&amp;langId=44&amp;quantity_0=0">           
         
       <input type="hidden" name="callAjax" value="false">
       
    
    <div class="add2Cart " id="addQtyPanelProduct_147674">    
        
            <a class="button process addQty  " id="addQty_147674" href="#">
                Add
            </a>

            <input type="hidden" name="Add" value="Add">
        
    </div>

</form>
<!-- END AddToTrolley.jsp -->
                                    </div>  
                                
                    </div><!-- END priceTabContainer Add container --><!-- Subscribe container --><!-- Start AddToSubscriptionList.jspf --><!-- Start AddToSubscriptionList.jsp --><!-- End AddToSubscriptionList.jsp --><!-- End AddToSubscriptionList.jspf --> 
                </div>  
            </div>  
        </div>
    </div>     
    </div> 
    <div id="additionalItems_147675" class="additionalItems">
        <!-- BEGIN MerchandisingAssociationsDisplay.jsp --><!-- Start - JSP File Name:  MerchandisingAssociationsDisplay.jsp --><!-- END MerchandisingAssociationsDisplay.jsp -->  
    </div> 

<!-- END CatalogEntryThumbnailDisplay.jsp -->
                            </li>
                        
                            <li>
                                
                                                <div class="trolleySummary"><p class="saving">
                                                         <!-- %@ include file="../../include/PromotionStrapline.jspf"% -->
                                                </p></div>
                                            
                                                <div class="trolleySummary"><p class="saving">
                                                         <!-- %@ include file="../../include/PromotionStrapline.jspf"% -->
                                                </p></div>
                                            
                                                <div class="trolleySummary"><p class="saving">
                                                         <!-- %@ include file="../../include/PromotionStrapline.jspf"% -->
                                                </p></div>
                                            <!-- BEGIN CatalogEntryThumbnailDisplay.jsp -->
    <div class="product ">
        
        <div class="errorBanner hidden" id="error35480"></div>
                        
        
        <div class="productInner">
            <div class="productInfoWrapper">
                <div class="productInfo">
                    
                            <h3>
                                <a href="https://www.sainsburys.co.uk/shop/gb/groceries/product/details/sainsburys-apricots-40g">
                                    Sainsbury's Dried Apricots 40g
                                    <img src="https://assets.sainsburys-groceries.co.uk/gol/7614744/image.jpg" alt="">
                                </a>
                            </h3>
                        
<div class="promotion">

                        <p>
                            <a strapline="Meal Deal for Â£5.00 | 7614744" href="https://www.sainsburys.co.uk/shop/PromotionDisplayView?listId=2&amp;catalogId=10241&amp;productId=35480&amp;langId=44&amp;storeId=10151&amp;promotionId=10664136"><!-- BEGIN include/PromotionStrapline.jspf -->Meal Deal for Â£5.00<br>

<!-- FINISH include/PromotionStrapline.jspf -->
                            </a>
                        </p>
                    
                        <p>
                            <a strapline="Meal Deal for Â£3.75 | 7614744" href="https://www.sainsburys.co.uk/shop/PromotionDisplayView?listId=2&amp;catalogId=10241&amp;productId=35480&amp;langId=44&amp;storeId=10151&amp;promotionId=10669742">PLUS <!-- BEGIN include/PromotionStrapline.jspf -->Meal Deal for Â£3.75<br>

<!-- FINISH include/PromotionStrapline.jspf -->
                            </a>
                        </p>
                                
</div>

                    <div class="ThumbnailRoundel">
                    <!--ThumbnailRoundel --> 
                    </div>
                    <div class="promoBages">
                        <!-- PROMOTION -->
                    </div>


                    <!-- Review --><!-- BEGIN CatalogEntryRatingsReviewsInfo.jspf --><!-- productAllowedRatingsAndReviews: true -->
<div class="reviews">

    <a class="numberOfReviews" href="https://www.sainsburys.co.uk/shop/gb/groceries/product/details/sainsburys-apricots-40g">
        <img src="//www.sainsburys.co.uk/wcsstore7.137.2/SainsburysStorefrontAssetStore/img/stars/rating-4_0.gif" alt="4.0" border="0">&nbsp; 
        Reviews (25)
    </a>

</div>
<!-- END CatalogEntryRatingsReviewsInfo.jspf -->
                </div>
                <!--ThumbnailRestriction -->
            </div>
            
            <div class="addToTrolleytabBox">
            <!-- addToTrolleytabBox LIST VIEW--><!-- Start UserSubscribedOrNot.jspf --><!-- Start UserSubscribedOrNot.jsp --><!-- 
    If the user is not logged in, render this opening 
    DIV adding an addtional class to fix the border top which is removed 
    and replaced by the tabs
-->
<div class="addToTrolleytabContainer addItemBorderTop">
<!-- End AddToSubscriptionList.jsp --><!-- End AddSubscriptionList.jspf --><!-- 
                    ATTENTION!!!
                    <div class="addToTrolleytabContainer">
                    This opening div is inside "../../ReusableObjects/UserSubscribedOrNot.jsp"
                    -->
                <div class="pricingAndTrolleyOptions">  
                    <div class="priceTab activeContainer priceTabContainer" id="addItem_35481"> 
                        <div class="pricing">
                            
<p class="pricePerUnit">
80p 
</p>

<p class="pricePerMeasure">Â£2.00<abbr title="per">/</abbr>100<abbr title="gram"><span class="pricePerMeasureMeasure">g</span></abbr>
</p>

                                
                        </div>  
                          
                                    <div class="addToTrolleyForm ">   
                                        <!-- BEGIN AddToTrolley.jsp --><!-- fire an on add to bag here from  -->

<form class="addToTrolleyForm" name="OrderItemAddForm_35480" action="OrderItemAdd" method="post" id="OrderItemAddForm_35480">
    <input type="hidden" name="storeId" value="10151">
    <input type="hidden" name="langId" value="44">
    <input type="hidden" name="catalogId" value="10241">
    <input type="hidden" name="authToken" id="authToken35480" value="-1002%2C3jIiHU%2F3lFc4jalpGDAhYOztAdQ%3D">
    
    
    <input type="hidden" name="errorViewName" value="PromotionDisplayView">
    <input type="hidden" name="SKU_ID" value="7614744">
    <input type="hidden" name="itemType" value="">
    <input type="hidden" name="parentSKU" value="">
    
    
       <input type="hidden" id="productCatentryId_35481" value="35480">
       <input type="hidden" id="catEntryId_35480" value="35481">
       <input type="hidden" name="ItemSKU_ID" value="7614744">
     
        
        <div class="quantity hidden" id="updateQtyPanelProduct_35480" data-qty="">
            <ul>
                <li>
                    <a class="button decreaseQty " id="decreaseQty_35480" href="#">-</a> 
                </li>
                <li>	
                    <label class="access" for="quantity_35480">Quantity</label>						
                    <a href="#" class="button quantityPlp  " id="quantityUpdate_35480">
                        </a>
                    <input name="quantity" id="quantity_35480" type="hidden" size="3" value="" class="quantity">		        
                </li>
                <li>
                    
                    <a class="button increaseQty " id="increaseQty_35480" href="#">+</a>
                </li>
            </ul>
        </div>				
            
        
            <input type="hidden" name="catEntryId" value="35481">
        

        <input type="hidden" name="productId" value="35480">
        

    <input type="hidden" name="URL" value="https://www.sainsburys.co.uk/webapp/wcs/stores/servlet/PromotionDisplayView?listId=2&amp;catalogId=10241&amp;productId=1117540&amp;langId=44&amp;storeId=10151&amp;promotionId=10669742">
    <input type="hidden" name="page" value="">
    <input type="hidden" name="contractId" value="">
    <input type="hidden" name="calculateOrder" value="1">
    <input type="hidden" name="calculationUsage" value="-1,-2,-3">
    <input type="hidden" name="updateable" value="1">
    <input type="hidden" name="merge" value="***">

                                  
            <input type="hidden" id="updateUrl_35480" updateurlchild_35481="AjaxOrderItemUpdate?calculateOrder=1&amp;itemType=&amp;ordItemUpdateFlag=0&amp;orderId=.&amp;updatePrices=1&amp;authToken=-1002%252C3jIiHU%252F3lFc4jalpGDAhYOztAdQ%253D&amp;calculationUsage=-1,-2,-3&amp;storeId=10151&amp;errorViewName=AjaxQuickCartDisplay&amp;URL=AjaxQuickCartDisplay&amp;catEntryId=35481&amp;orderItemId_0=&amp;UOM_0=&amp;langId=44&amp;quantity_0=1">
            <input type="hidden" id="removeUrl_35480" removeurlchild_35481="AjaxOrderItemUpdate?calculateOrder=1&amp;itemType=&amp;productId=&amp;ordItemUpdateFlag=2&amp;orderId=.&amp;updatePrices=1&amp;authToken=-1002%252C3jIiHU%252F3lFc4jalpGDAhYOztAdQ%253D&amp;calculationUsage=-1,-2,-3&amp;storeId=10151&amp;errorViewName=AjaxQuickCartDisplay&amp;URL=AjaxQuickCartDisplay&amp;catEntryId=35481&amp;productSKU=&amp;orderItemId_0=&amp;qtyDecremented=true&amp;langId=44&amp;quantity_0=0">           
         
       <input type="hidden" name="callAjax" value="false">
       
    
    <div class="add2Cart " id="addQtyPanelProduct_35480">    
        
            <a class="button process addQty  " id="addQty_35480" href="#">
                Add
            </a>

            <input type="hidden" name="Add" value="Add">
        
    </div>

</form>
<!-- END AddToTrolley.jsp -->
                                    </div>  
                                
                    </div><!-- END priceTabContainer Add container --><!-- Subscribe container --><!-- Start AddToSubscriptionList.jspf --><!-- Start AddToSubscriptionList.jsp --><!-- End AddToSubscriptionList.jsp --><!-- End AddToSubscriptionList.jspf --> 
                </div>  
            </div>  
        </div>
    </div>     
    </div> 
    <div id="additionalItems_35481" class="additionalItems">
        <!-- BEGIN MerchandisingAssociationsDisplay.jsp --><!-- Start - JSP File Name:  MerchandisingAssociationsDisplay.jsp --><!-- END MerchandisingAssociationsDisplay.jsp -->  
    </div> 

<!-- END CatalogEntryThumbnailDisplay.jsp -->
                            </li>
                        
                            <li>
                                
                                                <div class="trolleySummary"><p class="saving">
                                                         <!-- %@ include file="../../include/PromotionStrapline.jspf"% -->
                                                </p></div>
                                            
                                                <div class="trolleySummary"><p class="saving">
                                                         <!-- %@ include file="../../include/PromotionStrapline.jspf"% -->
                                                </p></div>
                                            
                                                <div class="trolleySummary"><p class="saving">
                                                         <!-- %@ include file="../../include/PromotionStrapline.jspf"% -->
                                                </p></div>
                                            <!-- BEGIN CatalogEntryThumbnailDisplay.jsp -->
    <div class="product ">
        
        <div class="errorBanner hidden" id="error95970"></div>
                        
        
        <div class="productInner">
            <div class="productInfoWrapper">
                <div class="productInfo">
                    
                            <h3>
                                <a href="https://www.sainsburys.co.uk/shop/gb/groceries/product/details/marmite-rice-cakes-25g">
                                    Marmite Rice Cakes 25g
                                    <img src="https://assets.sainsburys-groceries.co.uk/gol/7197580/image.jpg" alt="">
                                </a>
                            </h3>
                        
<div class="promotion">

                        <p>
                            <a strapline="Meal Deal for Â£5.00 | 7197580" href="https://www.sainsburys.co.uk/shop/PromotionDisplayView?listId=2&amp;catalogId=10241&amp;productId=95970&amp;langId=44&amp;storeId=10151&amp;promotionId=10664136"><!-- BEGIN include/PromotionStrapline.jspf -->Meal Deal for Â£5.00<br>

<!-- FINISH include/PromotionStrapline.jspf -->
                            </a>
                        </p>
                    
                        <p>
                            <a strapline="Meal Deal for Â£3.75 | 7197580" href="https://www.sainsburys.co.uk/shop/PromotionDisplayView?listId=2&amp;catalogId=10241&amp;productId=95970&amp;langId=44&amp;storeId=10151&amp;promotionId=10669742">PLUS <!-- BEGIN include/PromotionStrapline.jspf -->Meal Deal for Â£3.75<br>

<!-- FINISH include/PromotionStrapline.jspf -->
                            </a>
                        </p>
                                
</div>

                    <div class="ThumbnailRoundel">
                    <!--ThumbnailRoundel --> 
                    </div>
                    <div class="promoBages">
                        <!-- PROMOTION -->
                    </div>


                    <!-- Review --><!-- BEGIN CatalogEntryRatingsReviewsInfo.jspf --><!-- productAllowedRatingsAndReviews: true -->
<div class="reviews">

    <a class="numberOfReviews" href="https://www.sainsburys.co.uk/shop/gb/groceries/product/details/marmite-rice-cakes-25g">
        <img src="//www.sainsburys.co.uk/wcsstore7.137.2/SainsburysStorefrontAssetStore/img/stars/rating-3_3.gif" alt="3.3333" border="0">&nbsp; 
        Reviews (12)
    </a>

</div>
<!-- END CatalogEntryRatingsReviewsInfo.jspf -->
                </div>
                <!--ThumbnailRestriction -->
            </div>
            
            <div class="addToTrolleytabBox">
            <!-- addToTrolleytabBox LIST VIEW--><!-- Start UserSubscribedOrNot.jspf --><!-- Start UserSubscribedOrNot.jsp --><!-- 
    If the user is not logged in, render this opening 
    DIV adding an addtional class to fix the border top which is removed 
    and replaced by the tabs
-->
<div class="addToTrolleytabContainer addItemBorderTop">
<!-- End AddToSubscriptionList.jsp --><!-- End AddSubscriptionList.jspf --><!-- 
                    ATTENTION!!!
                    <div class="addToTrolleytabContainer">
                    This opening div is inside "../../ReusableObjects/UserSubscribedOrNot.jsp"
                    -->
                <div class="pricingAndTrolleyOptions">  
                    <div class="priceTab activeContainer priceTabContainer" id="addItem_95971"> 
                        <div class="pricing">
                            
<p class="pricePerUnit">
Â£1.00 
</p>

<p class="pricePerMeasure">Â£4.00<abbr title="per">/</abbr>100<abbr title="gram"><span class="pricePerMeasureMeasure">g</span></abbr>
</p>

                                
                        </div>  
                          
                                    <div class="addToTrolleyForm ">   
                                        <!-- BEGIN AddToTrolley.jsp --><!-- fire an on add to bag here from  -->

<form class="addToTrolleyForm" name="OrderItemAddForm_95970" action="OrderItemAdd" method="post" id="OrderItemAddForm_95970">
    <input type="hidden" name="storeId" value="10151">
    <input type="hidden" name="langId" value="44">
    <input type="hidden" name="catalogId" value="10241">
    <input type="hidden" name="authToken" id="authToken95970" value="-1002%2C3jIiHU%2F3lFc4jalpGDAhYOztAdQ%3D">
    
    
    <input type="hidden" name="errorViewName" value="PromotionDisplayView">
    <input type="hidden" name="SKU_ID" value="7197580">
    <input type="hidden" name="itemType" value="">
    <input type="hidden" name="parentSKU" value="">
    
    
       <input type="hidden" id="productCatentryId_95971" value="95970">
       <input type="hidden" id="catEntryId_95970" value="95971">
       <input type="hidden" name="ItemSKU_ID" value="7197580">
     
        
        <div class="quantity hidden" id="updateQtyPanelProduct_95970" data-qty="">
            <ul>
                <li>
                    <a class="button decreaseQty " id="decreaseQty_95970" href="#">-</a> 
                </li>
                <li>	
                    <label class="access" for="quantity_95970">Quantity</label>						
                    <a href="#" class="button quantityPlp  " id="quantityUpdate_95970">
                        </a>
                    <input name="quantity" id="quantity_95970" type="hidden" size="3" value="" class="quantity">		        
                </li>
                <li>
                    
                    <a class="button increaseQty " id="increaseQty_95970" href="#">+</a>
                </li>
            </ul>
        </div>				
            
        
            <input type="hidden" name="catEntryId" value="95971">
        

        <input type="hidden" name="productId" value="95970">
        

    <input type="hidden" name="URL" value="https://www.sainsburys.co.uk/webapp/wcs/stores/servlet/PromotionDisplayView?listId=2&amp;catalogId=10241&amp;productId=1117540&amp;langId=44&amp;storeId=10151&amp;promotionId=10669742">
    <input type="hidden" name="page" value="">
    <input type="hidden" name="contractId" value="">
    <input type="hidden" name="calculateOrder" value="1">
    <input type="hidden" name="calculationUsage" value="-1,-2,-3">
    <input type="hidden" name="updateable" value="1">
    <input type="hidden" name="merge" value="***">

                                  
            <input type="hidden" id="updateUrl_95970" updateurlchild_95971="AjaxOrderItemUpdate?calculateOrder=1&amp;itemType=&amp;ordItemUpdateFlag=0&amp;orderId=.&amp;updatePrices=1&amp;authToken=-1002%252C3jIiHU%252F3lFc4jalpGDAhYOztAdQ%253D&amp;calculationUsage=-1,-2,-3&amp;storeId=10151&amp;errorViewName=AjaxQuickCartDisplay&amp;URL=AjaxQuickCartDisplay&amp;catEntryId=95971&amp;orderItemId_0=&amp;UOM_0=&amp;langId=44&amp;quantity_0=1">
            <input type="hidden" id="removeUrl_95970" removeurlchild_95971="AjaxOrderItemUpdate?calculateOrder=1&amp;itemType=&amp;productId=&amp;ordItemUpdateFlag=2&amp;orderId=.&amp;updatePrices=1&amp;authToken=-1002%252C3jIiHU%252F3lFc4jalpGDAhYOztAdQ%253D&amp;calculationUsage=-1,-2,-3&amp;storeId=10151&amp;errorViewName=AjaxQuickCartDisplay&amp;URL=AjaxQuickCartDisplay&amp;catEntryId=95971&amp;productSKU=&amp;orderItemId_0=&amp;qtyDecremented=true&amp;langId=44&amp;quantity_0=0">           
         
       <input type="hidden" name="callAjax" value="false">
       
    
    <div class="add2Cart " id="addQtyPanelProduct_95970">    
        
            <a class="button process addQty  " id="addQty_95970" href="#">
                Add
            </a>

            <input type="hidden" name="Add" value="Add">
        
    </div>

</form>
<!-- END AddToTrolley.jsp -->
                                    </div>  
                                
                    </div><!-- END priceTabContainer Add container --><!-- Subscribe container --><!-- Start AddToSubscriptionList.jspf --><!-- Start AddToSubscriptionList.jsp --><!-- End AddToSubscriptionList.jsp --><!-- End AddToSubscriptionList.jspf --> 
                </div>  
            </div>  
        </div>
    </div>     
    </div> 
    <div id="additionalItems_95971" class="additionalItems">
        <!-- BEGIN MerchandisingAssociationsDisplay.jsp --><!-- Start - JSP File Name:  MerchandisingAssociationsDisplay.jsp --><!-- END MerchandisingAssociationsDisplay.jsp -->  
    </div> 

<!-- END CatalogEntryThumbnailDisplay.jsp -->
                            </li>
                        
                            <li>
                                
                                                <div class="trolleySummary"><p class="saving">
                                                         <!-- %@ include file="../../include/PromotionStrapline.jspf"% -->
                                                </p></div>
                                            
                                                <div class="trolleySummary"><p class="saving">
                                                         <!-- %@ include file="../../include/PromotionStrapline.jspf"% -->
                                                </p></div>
                                            
                                                <div class="trolleySummary"><p class="saving">
                                                         <!-- %@ include file="../../include/PromotionStrapline.jspf"% -->
                                                </p></div>
                                            <!-- BEGIN CatalogEntryThumbnailDisplay.jsp -->
    <div class="product ">
        
        <div class="errorBanner hidden" id="error920002"></div>
                        
        
        <div class="productInner">
            <div class="productInfoWrapper">
                <div class="productInfo">
                    
                            <h3>
                                <a href="https://www.sainsburys.co.uk/shop/gb/groceries/product/details/arla-protein-blueberry-yogurt-200g">
                                    Arla Blueberry High Protein Yogurt 200g
                                    <img src="https://assets.sainsburys-groceries.co.uk/gol/7756822/image.jpg" alt="">
                                </a>
                            </h3>
                        
<div class="promotion">

                        <p>
                            <a strapline="Meal Deal for Â£5.00 | 7756822" href="https://www.sainsburys.co.uk/shop/PromotionDisplayView?listId=2&amp;catalogId=10241&amp;productId=920002&amp;langId=44&amp;storeId=10151&amp;promotionId=10664136"><!-- BEGIN include/PromotionStrapline.jspf -->Meal Deal for Â£5.00<br>

<!-- FINISH include/PromotionStrapline.jspf -->
                            </a>
                        </p>
                    
                        <p>
                            <a strapline="Meal Deal for Â£3.75 | 7756822" href="https://www.sainsburys.co.uk/shop/PromotionDisplayView?listId=2&amp;catalogId=10241&amp;productId=920002&amp;langId=44&amp;storeId=10151&amp;promotionId=10669742">PLUS <!-- BEGIN include/PromotionStrapline.jspf -->Meal Deal for Â£3.75<br>

<!-- FINISH include/PromotionStrapline.jspf -->
                            </a>
                        </p>
                                
</div>

                    <div class="ThumbnailRoundel">
                    <!--ThumbnailRoundel --> 
                    </div>
                    <div class="promoBages">
                        <!-- PROMOTION -->

<div class="badges">
<ul>
    
            
             <li class="lastchild">

                                 
                <img src="/wcsstore7.137.2/SainsburysStorefrontAssetStore/wcassets/icons/2019/chilled_01_11_19.png" alt="Chilled">
                    
                
            </li>
        
</ul>   
</div>

                    </div>


                    <!-- Review --><!-- BEGIN CatalogEntryRatingsReviewsInfo.jspf --><!-- productAllowedRatingsAndReviews: true -->
<div class="reviews">

    <a class="numberOfReviews" href="https://www.sainsburys.co.uk/shop/gb/groceries/product/details/arla-protein-blueberry-yogurt-200g">
        <img src="//www.sainsburys.co.uk/wcsstore7.137.2/SainsburysStorefrontAssetStore/img/stars/rating-4_4.gif" alt="4.384" border="0">&nbsp; 
        Reviews (125)
    </a>

</div>
<!-- END CatalogEntryRatingsReviewsInfo.jspf -->
                </div>
                <!--ThumbnailRestriction -->
            </div>
            
            <div class="addToTrolleytabBox">
            <!-- addToTrolleytabBox LIST VIEW--><!-- Start UserSubscribedOrNot.jspf --><!-- Start UserSubscribedOrNot.jsp --><!-- 
    If the user is not logged in, render this opening 
    DIV adding an addtional class to fix the border top which is removed 
    and replaced by the tabs
-->
<div class="addToTrolleytabContainer addItemBorderTop">
<!-- End AddToSubscriptionList.jsp --><!-- End AddSubscriptionList.jspf --><!-- 
                    ATTENTION!!!
                    <div class="addToTrolleytabContainer">
                    This opening div is inside "../../ReusableObjects/UserSubscribedOrNot.jsp"
                    -->
                <div class="pricingAndTrolleyOptions">  
                    <div class="priceTab activeContainer priceTabContainer" id="addItem_920003"> 
                        <div class="pricing">
                            
<p class="pricePerUnit">
Â£1.25 
</p>

<p class="pricePerMeasure">63p<abbr title="per">/</abbr>100<abbr title="gram"><span class="pricePerMeasureMeasure">g</span></abbr>
</p>

                                
                        </div>  
                          
                                    <div class="addToTrolleyForm ">   
                                        <!-- BEGIN AddToTrolley.jsp --><!-- fire an on add to bag here from  -->

<form class="addToTrolleyForm" name="OrderItemAddForm_920002" action="OrderItemAdd" method="post" id="OrderItemAddForm_920002">
    <input type="hidden" name="storeId" value="10151">
    <input type="hidden" name="langId" value="44">
    <input type="hidden" name="catalogId" value="10241">
    <input type="hidden" name="authToken" id="authToken920002" value="-1002%2C3jIiHU%2F3lFc4jalpGDAhYOztAdQ%3D">
    
    
    <input type="hidden" name="errorViewName" value="PromotionDisplayView">
    <input type="hidden" name="SKU_ID" value="7756822">
    <input type="hidden" name="itemType" value="">
    <input type="hidden" name="parentSKU" value="">
    
    
       <input type="hidden" id="productCatentryId_920003" value="920002">
       <input type="hidden" id="catEntryId_920002" value="920003">
       <input type="hidden" name="ItemSKU_ID" value="7756822">
     
        
        <div class="quantity hidden" id="updateQtyPanelProduct_920002" data-qty="">
            <ul>
                <li>
                    <a class="button decreaseQty " id="decreaseQty_920002" href="#">-</a> 
                </li>
                <li>	
                    <label class="access" for="quantity_920002">Quantity</label>						
                    <a href="#" class="button quantityPlp  " id="quantityUpdate_920002">
                        </a>
                    <input name="quantity" id="quantity_920002" type="hidden" size="3" value="" class="quantity">		        
                </li>
                <li>
                    
                    <a class="button increaseQty " id="increaseQty_920002" href="#">+</a>
                </li>
            </ul>
        </div>				
            
        
            <input type="hidden" name="catEntryId" value="920003">
        

        <input type="hidden" name="productId" value="920002">
        

    <input type="hidden" name="URL" value="https://www.sainsburys.co.uk/webapp/wcs/stores/servlet/PromotionDisplayView?listId=2&amp;catalogId=10241&amp;productId=1117540&amp;langId=44&amp;storeId=10151&amp;promotionId=10669742">
    <input type="hidden" name="page" value="">
    <input type="hidden" name="contractId" value="">
    <input type="hidden" name="calculateOrder" value="1">
    <input type="hidden" name="calculationUsage" value="-1,-2,-3">
    <input type="hidden" name="updateable" value="1">
    <input type="hidden" name="merge" value="***">

                                  
            <input type="hidden" id="updateUrl_920002" updateurlchild_920003="AjaxOrderItemUpdate?calculateOrder=1&amp;itemType=&amp;ordItemUpdateFlag=0&amp;orderId=.&amp;updatePrices=1&amp;authToken=-1002%252C3jIiHU%252F3lFc4jalpGDAhYOztAdQ%253D&amp;calculationUsage=-1,-2,-3&amp;storeId=10151&amp;errorViewName=AjaxQuickCartDisplay&amp;URL=AjaxQuickCartDisplay&amp;catEntryId=920003&amp;orderItemId_0=&amp;UOM_0=&amp;langId=44&amp;quantity_0=1">
            <input type="hidden" id="removeUrl_920002" removeurlchild_920003="AjaxOrderItemUpdate?calculateOrder=1&amp;itemType=&amp;productId=&amp;ordItemUpdateFlag=2&amp;orderId=.&amp;updatePrices=1&amp;authToken=-1002%252C3jIiHU%252F3lFc4jalpGDAhYOztAdQ%253D&amp;calculationUsage=-1,-2,-3&amp;storeId=10151&amp;errorViewName=AjaxQuickCartDisplay&amp;URL=AjaxQuickCartDisplay&amp;catEntryId=920003&amp;productSKU=&amp;orderItemId_0=&amp;qtyDecremented=true&amp;langId=44&amp;quantity_0=0">           
         
       <input type="hidden" name="callAjax" value="false">
       
    
    <div class="add2Cart " id="addQtyPanelProduct_920002">    
        
            <a class="button process addQty  " id="addQty_920002" href="#">
                Add
            </a>

            <input type="hidden" name="Add" value="Add">
        
    </div>

</form>
<!-- END AddToTrolley.jsp -->
                                    </div>  
                                
                    </div><!-- END priceTabContainer Add container --><!-- Subscribe container --><!-- Start AddToSubscriptionList.jspf --><!-- Start AddToSubscriptionList.jsp --><!-- End AddToSubscriptionList.jsp --><!-- End AddToSubscriptionList.jspf --> 
                </div>  
            </div>  
        </div>
    </div>     
    </div> 
    <div id="additionalItems_920003" class="additionalItems">
        <!-- BEGIN MerchandisingAssociationsDisplay.jsp --><!-- Start - JSP File Name:  MerchandisingAssociationsDisplay.jsp --><!-- END MerchandisingAssociationsDisplay.jsp -->  
    </div> 

<!-- END CatalogEntryThumbnailDisplay.jsp -->
                            </li>
                        
                            <li>
                                
                                                <div class="trolleySummary"><p class="saving">
                                                         <!-- %@ include file="../../include/PromotionStrapline.jspf"% -->
                                                </p></div>
                                            
                                                <div class="trolleySummary"><p class="saving">
                                                         <!-- %@ include file="../../include/PromotionStrapline.jspf"% -->
                                                </p></div>
                                            
                                                <div class="trolleySummary"><p class="saving">
                                                         <!-- %@ include file="../../include/PromotionStrapline.jspf"% -->
                                                </p></div>
                                            <!-- BEGIN CatalogEntryThumbnailDisplay.jsp -->
    <div class="product ">
        
        <div class="errorBanner hidden" id="error903246"></div>
                        
        
        <div class="productInner">
            <div class="productInfoWrapper">
                <div class="productInfo">
                    
                            <h3>
                                <a href="https://www.sainsburys.co.uk/shop/gb/groceries/product/details/graze-snack-box-lemon-drizzle-flapjack-53g">
                                    Graze Snack Box Oat Boosts Lemon Drizzle Flapjack 50g
                                    <img src="https://assets.sainsburys-groceries.co.uk/gol/7754945/image.jpg" alt="">
                                </a>
                            </h3>
                        
<div class="promotion">

                        <p>
                            <a strapline="Meal Deal for Â£5.00 | 7754945" href="https://www.sainsburys.co.uk/shop/PromotionDisplayView?listId=2&amp;catalogId=10241&amp;productId=903246&amp;langId=44&amp;storeId=10151&amp;promotionId=10664136"><!-- BEGIN include/PromotionStrapline.jspf -->Meal Deal for Â£5.00<br>

<!-- FINISH include/PromotionStrapline.jspf -->
                            </a>
                        </p>
                    
                        <p>
                            <a strapline="Meal Deal for Â£3.75 | 7754945" href="https://www.sainsburys.co.uk/shop/PromotionDisplayView?listId=2&amp;catalogId=10241&amp;productId=903246&amp;langId=44&amp;storeId=10151&amp;promotionId=10669742">PLUS <!-- BEGIN include/PromotionStrapline.jspf -->Meal Deal for Â£3.75<br>

<!-- FINISH include/PromotionStrapline.jspf -->
                            </a>
                        </p>
                                
</div>

                    <div class="ThumbnailRoundel">
                    <!--ThumbnailRoundel --> 
                    </div>
                    <div class="promoBages">
                        <!-- PROMOTION -->
                    </div>


                    <!-- Review --><!-- BEGIN CatalogEntryRatingsReviewsInfo.jspf --><!-- productAllowedRatingsAndReviews: true -->
<div class="reviews">

    <a class="numberOfReviews" href="https://www.sainsburys.co.uk/shop/gb/groceries/product/details/graze-snack-box-lemon-drizzle-flapjack-53g">
        <img src="//www.sainsburys.co.uk/wcsstore7.137.2/SainsburysStorefrontAssetStore/img/stars/rating-4_7.gif" alt="4.681" border="0">&nbsp; 
        Reviews (489)
    </a>

</div>
<!-- END CatalogEntryRatingsReviewsInfo.jspf -->
                </div>
                <!--ThumbnailRestriction -->
            </div>
            
            <div class="addToTrolleytabBox">
            <!-- addToTrolleytabBox LIST VIEW--><!-- Start UserSubscribedOrNot.jspf --><!-- Start UserSubscribedOrNot.jsp --><!-- 
    If the user is not logged in, render this opening 
    DIV adding an addtional class to fix the border top which is removed 
    and replaced by the tabs
-->
<div class="addToTrolleytabContainer addItemBorderTop">
<!-- End AddToSubscriptionList.jsp --><!-- End AddSubscriptionList.jspf --><!-- 
                    ATTENTION!!!
                    <div class="addToTrolleytabContainer">
                    This opening div is inside "../../ReusableObjects/UserSubscribedOrNot.jsp"
                    -->
                <div class="pricingAndTrolleyOptions">  
                    <div class="priceTab activeContainer priceTabContainer" id="addItem_903247"> 
                        <div class="pricing">
                            
<p class="pricePerUnit">
Â£1.20 
</p>

<p class="pricePerMeasure">Â£2.40<abbr title="per">/</abbr>100<abbr title="gram"><span class="pricePerMeasureMeasure">g</span></abbr>
</p>

                                
                        </div>  
                          
                                    <div class="addToTrolleyForm ">   
                                        <!-- BEGIN AddToTrolley.jsp --><!-- fire an on add to bag here from  -->

<form class="addToTrolleyForm" name="OrderItemAddForm_903246" action="OrderItemAdd" method="post" id="OrderItemAddForm_903246">
    <input type="hidden" name="storeId" value="10151">
    <input type="hidden" name="langId" value="44">
    <input type="hidden" name="catalogId" value="10241">
    <input type="hidden" name="authToken" id="authToken903246" value="-1002%2C3jIiHU%2F3lFc4jalpGDAhYOztAdQ%3D">
    
    
    <input type="hidden" name="errorViewName" value="PromotionDisplayView">
    <input type="hidden" name="SKU_ID" value="7754945">
    <input type="hidden" name="itemType" value="">
    <input type="hidden" name="parentSKU" value="">
    
    
       <input type="hidden" id="productCatentryId_903247" value="903246">
       <input type="hidden" id="catEntryId_903246" value="903247">
       <input type="hidden" name="ItemSKU_ID" value="7754945">
     
        
        <div class="quantity hidden" id="updateQtyPanelProduct_903246" data-qty="">
            <ul>
                <li>
                    <a class="button decreaseQty " id="decreaseQty_903246" href="#">-</a> 
                </li>
                <li>	
                    <label class="access" for="quantity_903246">Quantity</label>						
                    <a href="#" class="button quantityPlp  " id="quantityUpdate_903246">
                        </a>
                    <input name="quantity" id="quantity_903246" type="hidden" size="3" value="" class="quantity">		        
                </li>
                <li>
                    
                    <a class="button increaseQty " id="increaseQty_903246" href="#">+</a>
                </li>
            </ul>
        </div>				
            
        
            <input type="hidden" name="catEntryId" value="903247">
        

        <input type="hidden" name="productId" value="903246">
        

    <input type="hidden" name="URL" value="https://www.sainsburys.co.uk/webapp/wcs/stores/servlet/PromotionDisplayView?listId=2&amp;catalogId=10241&amp;productId=1117540&amp;langId=44&amp;storeId=10151&amp;promotionId=10669742">
    <input type="hidden" name="page" value="">
    <input type="hidden" name="contractId" value="">
    <input type="hidden" name="calculateOrder" value="1">
    <input type="hidden" name="calculationUsage" value="-1,-2,-3">
    <input type="hidden" name="updateable" value="1">
    <input type="hidden" name="merge" value="***">

                                  
            <input type="hidden" id="updateUrl_903246" updateurlchild_903247="AjaxOrderItemUpdate?calculateOrder=1&amp;itemType=&amp;ordItemUpdateFlag=0&amp;orderId=.&amp;updatePrices=1&amp;authToken=-1002%252C3jIiHU%252F3lFc4jalpGDAhYOztAdQ%253D&amp;calculationUsage=-1,-2,-3&amp;storeId=10151&amp;errorViewName=AjaxQuickCartDisplay&amp;URL=AjaxQuickCartDisplay&amp;catEntryId=903247&amp;orderItemId_0=&amp;UOM_0=&amp;langId=44&amp;quantity_0=1">
            <input type="hidden" id="removeUrl_903246" removeurlchild_903247="AjaxOrderItemUpdate?calculateOrder=1&amp;itemType=&amp;productId=&amp;ordItemUpdateFlag=2&amp;orderId=.&amp;updatePrices=1&amp;authToken=-1002%252C3jIiHU%252F3lFc4jalpGDAhYOztAdQ%253D&amp;calculationUsage=-1,-2,-3&amp;storeId=10151&amp;errorViewName=AjaxQuickCartDisplay&amp;URL=AjaxQuickCartDisplay&amp;catEntryId=903247&amp;productSKU=&amp;orderItemId_0=&amp;qtyDecremented=true&amp;langId=44&amp;quantity_0=0">           
         
       <input type="hidden" name="callAjax" value="false">
       
    
    <div class="add2Cart " id="addQtyPanelProduct_903246">    
        
            <a class="button process addQty  " id="addQty_903246" href="#">
                Add
            </a>

            <input type="hidden" name="Add" value="Add">
        
    </div>

</form>
<!-- END AddToTrolley.jsp -->
                                    </div>  
                                
                    </div><!-- END priceTabContainer Add container --><!-- Subscribe container --><!-- Start AddToSubscriptionList.jspf --><!-- Start AddToSubscriptionList.jsp --><!-- End AddToSubscriptionList.jsp --><!-- End AddToSubscriptionList.jspf --> 
                </div>  
            </div>  
        </div>
    </div>     
    </div> 
    <div id="additionalItems_903247" class="additionalItems">
        <!-- BEGIN MerchandisingAssociationsDisplay.jsp --><!-- Start - JSP File Name:  MerchandisingAssociationsDisplay.jsp --><!-- END MerchandisingAssociationsDisplay.jsp -->  
    </div> 

<!-- END CatalogEntryThumbnailDisplay.jsp -->
                            </li>
                        
                            <li>
                                
                                                <div class="trolleySummary"><p class="saving">
                                                         <!-- %@ include file="../../include/PromotionStrapline.jspf"% -->
                                                </p></div>
                                            
                                                <div class="trolleySummary"><p class="saving">
                                                         <!-- %@ include file="../../include/PromotionStrapline.jspf"% -->
                                                </p></div>
                                            
                                                <div class="trolleySummary"><p class="saving">
                                                         <!-- %@ include file="../../include/PromotionStrapline.jspf"% -->
                                                </p></div>
                                            <!-- BEGIN CatalogEntryThumbnailDisplay.jsp -->
    <div class="product ">
        
        <div class="errorBanner hidden" id="error903248"></div>
                        
        
        <div class="productInner">
            <div class="productInfoWrapper">
                <div class="productInfo">
                    
                            <h3>
                                <a href="https://www.sainsburys.co.uk/shop/gb/groceries/product/details/graze-snack-box-punchy-protein-nuts-35g">
                                    Graze Snack Box Chilli &amp; Lime Punchy Protein Mixed Nuts 38g
                                    <img src="https://assets.sainsburys-groceries.co.uk/gol/7754953/image.jpg" alt="">
                                </a>
                            </h3>
                        
<div class="promotion">

                        <p>
                            <a strapline="Meal Deal for Â£5.00 | 7754953" href="https://www.sainsburys.co.uk/shop/PromotionDisplayView?listId=2&amp;catalogId=10241&amp;productId=903248&amp;langId=44&amp;storeId=10151&amp;promotionId=10664136"><!-- BEGIN include/PromotionStrapline.jspf -->Meal Deal for Â£5.00<br>

<!-- FINISH include/PromotionStrapline.jspf -->
                            </a>
                        </p>
                    
                        <p>
                            <a strapline="Meal Deal for Â£3.75 | 7754953" href="https://www.sainsburys.co.uk/shop/PromotionDisplayView?listId=2&amp;catalogId=10241&amp;productId=903248&amp;langId=44&amp;storeId=10151&amp;promotionId=10669742">PLUS <!-- BEGIN include/PromotionStrapline.jspf -->Meal Deal for Â£3.75<br>

<!-- FINISH include/PromotionStrapline.jspf -->
                            </a>
                        </p>
                                
</div>

                    <div class="ThumbnailRoundel">
                    <!--ThumbnailRoundel --> 
                    </div>
                    <div class="promoBages">
                        <!-- PROMOTION -->
                    </div>


                    <!-- Review --><!-- BEGIN CatalogEntryRatingsReviewsInfo.jspf --><!-- productAllowedRatingsAndReviews: true -->
<div class="reviews">

    <a class="numberOfReviews" href="https://www.sainsburys.co.uk/shop/gb/groceries/product/details/graze-snack-box-punchy-protein-nuts-35g">
        <img src="//www.sainsburys.co.uk/wcsstore7.137.2/SainsburysStorefrontAssetStore/img/stars/rating-4_4.gif" alt="4.3677" border="0">&nbsp; 
        Reviews (155)
    </a>

</div>
<!-- END CatalogEntryRatingsReviewsInfo.jspf -->
                </div>
                <!--ThumbnailRestriction -->
            </div>
            
            <div class="addToTrolleytabBox">
            <!-- addToTrolleytabBox LIST VIEW--><!-- Start UserSubscribedOrNot.jspf --><!-- Start UserSubscribedOrNot.jsp --><!-- 
    If the user is not logged in, render this opening 
    DIV adding an addtional class to fix the border top which is removed 
    and replaced by the tabs
-->
<div class="addToTrolleytabContainer addItemBorderTop">
<!-- End AddToSubscriptionList.jsp --><!-- End AddSubscriptionList.jspf --><!-- 
                    ATTENTION!!!
                    <div class="addToTrolleytabContainer">
                    This opening div is inside "../../ReusableObjects/UserSubscribedOrNot.jsp"
                    -->
                <div class="pricingAndTrolleyOptions">  
                    <div class="priceTab activeContainer priceTabContainer" id="addItem_903249"> 
                        <div class="pricing">
                            
<p class="pricePerUnit">
Â£1.20 
</p>

<p class="pricePerMeasure">Â£3.16<abbr title="per">/</abbr>100<abbr title="gram"><span class="pricePerMeasureMeasure">g</span></abbr>
</p>

                                
                        </div>  
                          
                                    <div class="addToTrolleyForm ">   
                                        <!-- BEGIN AddToTrolley.jsp --><!-- fire an on add to bag here from  -->

<form class="addToTrolleyForm" name="OrderItemAddForm_903248" action="OrderItemAdd" method="post" id="OrderItemAddForm_903248">
    <input type="hidden" name="storeId" value="10151">
    <input type="hidden" name="langId" value="44">
    <input type="hidden" name="catalogId" value="10241">
    <input type="hidden" name="authToken" id="authToken903248" value="-1002%2C3jIiHU%2F3lFc4jalpGDAhYOztAdQ%3D">
    
    
    <input type="hidden" name="errorViewName" value="PromotionDisplayView">
    <input type="hidden" name="SKU_ID" value="7754953">
    <input type="hidden" name="itemType" value="">
    <input type="hidden" name="parentSKU" value="">
    
    
       <input type="hidden" id="productCatentryId_903249" value="903248">
       <input type="hidden" id="catEntryId_903248" value="903249">
       <input type="hidden" name="ItemSKU_ID" value="7754953">
     
        
        <div class="quantity hidden" id="updateQtyPanelProduct_903248" data-qty="">
            <ul>
                <li>
                    <a class="button decreaseQty " id="decreaseQty_903248" href="#">-</a> 
                </li>
                <li>	
                    <label class="access" for="quantity_903248">Quantity</label>						
                    <a href="#" class="button quantityPlp  " id="quantityUpdate_903248">
                        </a>
                    <input name="quantity" id="quantity_903248" type="hidden" size="3" value="" class="quantity">		        
                </li>
                <li>
                    
                    <a class="button increaseQty " id="increaseQty_903248" href="#">+</a>
                </li>
            </ul>
        </div>				
            
        
            <input type="hidden" name="catEntryId" value="903249">
        

        <input type="hidden" name="productId" value="903248">
        

    <input type="hidden" name="URL" value="https://www.sainsburys.co.uk/webapp/wcs/stores/servlet/PromotionDisplayView?listId=2&amp;catalogId=10241&amp;productId=1117540&amp;langId=44&amp;storeId=10151&amp;promotionId=10669742">
    <input type="hidden" name="page" value="">
    <input type="hidden" name="contractId" value="">
    <input type="hidden" name="calculateOrder" value="1">
    <input type="hidden" name="calculationUsage" value="-1,-2,-3">
    <input type="hidden" name="updateable" value="1">
    <input type="hidden" name="merge" value="***">

                                  
            <input type="hidden" id="updateUrl_903248" updateurlchild_903249="AjaxOrderItemUpdate?calculateOrder=1&amp;itemType=&amp;ordItemUpdateFlag=0&amp;orderId=.&amp;updatePrices=1&amp;authToken=-1002%252C3jIiHU%252F3lFc4jalpGDAhYOztAdQ%253D&amp;calculationUsage=-1,-2,-3&amp;storeId=10151&amp;errorViewName=AjaxQuickCartDisplay&amp;URL=AjaxQuickCartDisplay&amp;catEntryId=903249&amp;orderItemId_0=&amp;UOM_0=&amp;langId=44&amp;quantity_0=1">
            <input type="hidden" id="removeUrl_903248" removeurlchild_903249="AjaxOrderItemUpdate?calculateOrder=1&amp;itemType=&amp;productId=&amp;ordItemUpdateFlag=2&amp;orderId=.&amp;updatePrices=1&amp;authToken=-1002%252C3jIiHU%252F3lFc4jalpGDAhYOztAdQ%253D&amp;calculationUsage=-1,-2,-3&amp;storeId=10151&amp;errorViewName=AjaxQuickCartDisplay&amp;URL=AjaxQuickCartDisplay&amp;catEntryId=903249&amp;productSKU=&amp;orderItemId_0=&amp;qtyDecremented=true&amp;langId=44&amp;quantity_0=0">           
         
       <input type="hidden" name="callAjax" value="false">
       
    
    <div class="add2Cart " id="addQtyPanelProduct_903248">    
        
            <a class="button process addQty  " id="addQty_903248" href="#">
                Add
            </a>

            <input type="hidden" name="Add" value="Add">
        
    </div>

</form>
<!-- END AddToTrolley.jsp -->
                                    </div>  
                                
                    </div><!-- END priceTabContainer Add container --><!-- Subscribe container --><!-- Start AddToSubscriptionList.jspf --><!-- Start AddToSubscriptionList.jsp --><!-- End AddToSubscriptionList.jsp --><!-- End AddToSubscriptionList.jspf --> 
                </div>  
            </div>  
        </div>
    </div>     
    </div> 
    <div id="additionalItems_903249" class="additionalItems">
        <!-- BEGIN MerchandisingAssociationsDisplay.jsp --><!-- Start - JSP File Name:  MerchandisingAssociationsDisplay.jsp --><!-- END MerchandisingAssociationsDisplay.jsp -->  
    </div> 

<!-- END CatalogEntryThumbnailDisplay.jsp -->
                            </li>
                        
                            <li>
                                
                                                <div class="trolleySummary"><p class="saving">
                                                         <!-- %@ include file="../../include/PromotionStrapline.jspf"% -->
                                                </p></div>
                                            
                                                <div class="trolleySummary"><p class="saving">
                                                         <!-- %@ include file="../../include/PromotionStrapline.jspf"% -->
                                                </p></div>
                                            
                                                <div class="trolleySummary"><p class="saving">
                                                         <!-- %@ include file="../../include/PromotionStrapline.jspf"% -->
                                                </p></div>
                                            <!-- BEGIN CatalogEntryThumbnailDisplay.jsp -->
    <div class="product ">
        
        <div class="errorBanner hidden" id="error53988"></div>
                        
        
        <div class="productInner">
            <div class="productInfoWrapper">
                <div class="productInfo">
                    
                            <h3>
                                <a href="https://www.sainsburys.co.uk/shop/gb/groceries/product/details/cadbury-starbar-49g">
                                    Cadbury Starbar Chocolate Bar 49g
                                    <img src="https://assets.sainsburys-groceries.co.uk/gol/7557605/image.jpg" alt="">
                                </a>
                            </h3>
                        
<div class="promotion">

                        <p>
                            <a strapline="Meal Deal for Â£5.00 | 7557605" href="https://www.sainsburys.co.uk/shop/PromotionDisplayView?listId=2&amp;catalogId=10241&amp;productId=53988&amp;langId=44&amp;storeId=10151&amp;promotionId=10664136"><!-- BEGIN include/PromotionStrapline.jspf -->Meal Deal for Â£5.00<br>

<!-- FINISH include/PromotionStrapline.jspf -->
                            </a>
                        </p>
                    
                        <p>
                            <a strapline="Meal Deal for Â£3.75 | 7557605" href="https://www.sainsburys.co.uk/shop/PromotionDisplayView?listId=2&amp;catalogId=10241&amp;productId=53988&amp;langId=44&amp;storeId=10151&amp;promotionId=10669742">PLUS <!-- BEGIN include/PromotionStrapline.jspf -->Meal Deal for Â£3.75<br>

<!-- FINISH include/PromotionStrapline.jspf -->
                            </a>
                        </p>
                                
</div>

                    <div class="ThumbnailRoundel">
                    <!--ThumbnailRoundel --> 
                    </div>
                    <div class="promoBages">
                        <!-- PROMOTION -->
                    </div>


                    <!-- Review --><!-- BEGIN CatalogEntryRatingsReviewsInfo.jspf --><!-- productAllowedRatingsAndReviews: true -->
<div class="reviews">

    <a class="numberOfReviews" href="https://www.sainsburys.co.uk/shop/gb/groceries/product/details/cadbury-starbar-49g">
        <img src="//www.sainsburys.co.uk/wcsstore7.137.2/SainsburysStorefrontAssetStore/img/stars/rating-5_0.gif" alt="5.0" border="0">&nbsp; 
        Reviews (11)
    </a>

</div>
<!-- END CatalogEntryRatingsReviewsInfo.jspf -->
                </div>
                <!--ThumbnailRestriction -->
            </div>
            
            <div class="addToTrolleytabBox">
            <!-- addToTrolleytabBox LIST VIEW--><!-- Start UserSubscribedOrNot.jspf --><!-- Start UserSubscribedOrNot.jsp --><!-- 
    If the user is not logged in, render this opening 
    DIV adding an addtional class to fix the border top which is removed 
    and replaced by the tabs
-->
<div class="addToTrolleytabContainer addItemBorderTop">
<!-- End AddToSubscriptionList.jsp --><!-- End AddSubscriptionList.jspf --><!-- 
                    ATTENTION!!!
                    <div class="addToTrolleytabContainer">
                    This opening div is inside "../../ReusableObjects/UserSubscribedOrNot.jsp"
                    -->
                <div class="pricingAndTrolleyOptions">  
                    <div class="priceTab activeContainer priceTabContainer" id="addItem_53989"> 
                        <div class="pricing">
                            
<p class="pricePerUnit">
Â£1.05 
</p>

<p class="pricePerMeasure">Â£2.14<abbr title="per">/</abbr>100<abbr title="gram"><span class="pricePerMeasureMeasure">g</span></abbr>
</p>

                                
                        </div>  
                          
                                    <div class="addToTrolleyForm ">   
                                        <!-- BEGIN AddToTrolley.jsp --><!-- fire an on add to bag here from  -->

<form class="addToTrolleyForm" name="OrderItemAddForm_53988" action="OrderItemAdd" method="post" id="OrderItemAddForm_53988">
    <input type="hidden" name="storeId" value="10151">
    <input type="hidden" name="langId" value="44">
    <input type="hidden" name="catalogId" value="10241">
    <input type="hidden" name="authToken" id="authToken53988" value="-1002%2C3jIiHU%2F3lFc4jalpGDAhYOztAdQ%3D">
    
    
    <input type="hidden" name="errorViewName" value="PromotionDisplayView">
    <input type="hidden" name="SKU_ID" value="7557605">
    <input type="hidden" name="itemType" value="">
    <input type="hidden" name="parentSKU" value="">
    
    
       <input type="hidden" id="productCatentryId_53989" value="53988">
       <input type="hidden" id="catEntryId_53988" value="53989">
       <input type="hidden" name="ItemSKU_ID" value="7557605">
     
        
        <div class="quantity hidden" id="updateQtyPanelProduct_53988" data-qty="">
            <ul>
                <li>
                    <a class="button decreaseQty " id="decreaseQty_53988" href="#">-</a> 
                </li>
                <li>	
                    <label class="access" for="quantity_53988">Quantity</label>						
                    <a href="#" class="button quantityPlp  " id="quantityUpdate_53988">
                        </a>
                    <input name="quantity" id="quantity_53988" type="hidden" size="3" value="" class="quantity">		        
                </li>
                <li>
                    
                    <a class="button increaseQty " id="increaseQty_53988" href="#">+</a>
                </li>
            </ul>
        </div>				
            
        
            <input type="hidden" name="catEntryId" value="53989">
        

        <input type="hidden" name="productId" value="53988">
        

    <input type="hidden" name="URL" value="https://www.sainsburys.co.uk/webapp/wcs/stores/servlet/PromotionDisplayView?listId=2&amp;catalogId=10241&amp;productId=1117540&amp;langId=44&amp;storeId=10151&amp;promotionId=10669742">
    <input type="hidden" name="page" value="">
    <input type="hidden" name="contractId" value="">
    <input type="hidden" name="calculateOrder" value="1">
    <input type="hidden" name="calculationUsage" value="-1,-2,-3">
    <input type="hidden" name="updateable" value="1">
    <input type="hidden" name="merge" value="***">

                                  
            <input type="hidden" id="updateUrl_53988" updateurlchild_53989="AjaxOrderItemUpdate?calculateOrder=1&amp;itemType=&amp;ordItemUpdateFlag=0&amp;orderId=.&amp;updatePrices=1&amp;authToken=-1002%252C3jIiHU%252F3lFc4jalpGDAhYOztAdQ%253D&amp;calculationUsage=-1,-2,-3&amp;storeId=10151&amp;errorViewName=AjaxQuickCartDisplay&amp;URL=AjaxQuickCartDisplay&amp;catEntryId=53989&amp;orderItemId_0=&amp;UOM_0=&amp;langId=44&amp;quantity_0=1">
            <input type="hidden" id="removeUrl_53988" removeurlchild_53989="AjaxOrderItemUpdate?calculateOrder=1&amp;itemType=&amp;productId=&amp;ordItemUpdateFlag=2&amp;orderId=.&amp;updatePrices=1&amp;authToken=-1002%252C3jIiHU%252F3lFc4jalpGDAhYOztAdQ%253D&amp;calculationUsage=-1,-2,-3&amp;storeId=10151&amp;errorViewName=AjaxQuickCartDisplay&amp;URL=AjaxQuickCartDisplay&amp;catEntryId=53989&amp;productSKU=&amp;orderItemId_0=&amp;qtyDecremented=true&amp;langId=44&amp;quantity_0=0">           
         
       <input type="hidden" name="callAjax" value="false">
       
    
    <div class="add2Cart " id="addQtyPanelProduct_53988">    
        
            <a class="button process addQty  " id="addQty_53988" href="#">
                Add
            </a>

            <input type="hidden" name="Add" value="Add">
        
    </div>

</form>
<!-- END AddToTrolley.jsp -->
                                    </div>  
                                
                    </div><!-- END priceTabContainer Add container --><!-- Subscribe container --><!-- Start AddToSubscriptionList.jspf --><!-- Start AddToSubscriptionList.jsp --><!-- End AddToSubscriptionList.jsp --><!-- End AddToSubscriptionList.jspf --> 
                </div>  
            </div>  
        </div>
    </div>     
    </div> 
    <div id="additionalItems_53989" class="additionalItems">
        <!-- BEGIN MerchandisingAssociationsDisplay.jsp --><!-- Start - JSP File Name:  MerchandisingAssociationsDisplay.jsp --><!-- END MerchandisingAssociationsDisplay.jsp -->  
    </div> 

<!-- END CatalogEntryThumbnailDisplay.jsp -->
                            </li>
                        
                            <li>
                                
                                                <div class="trolleySummary"><p class="saving">
                                                         <!-- %@ include file="../../include/PromotionStrapline.jspf"% -->
                                                </p></div>
                                            
                                                <div class="trolleySummary"><p class="saving">
                                                         <!-- %@ include file="../../include/PromotionStrapline.jspf"% -->
                                                </p></div>
                                            
                                                <div class="trolleySummary"><p class="saving">
                                                         <!-- %@ include file="../../include/PromotionStrapline.jspf"% -->
                                                </p></div>
                                            <!-- BEGIN CatalogEntryThumbnailDisplay.jsp -->
    <div class="product ">
        
        <div class="errorBanner hidden" id="error1005586"></div>
                        
        
        <div class="productInner">
            <div class="productInfoWrapper">
                <div class="productInfo">
                    
                            <h3>
                                <a href="https://www.sainsburys.co.uk/shop/gb/groceries/product/details/graze-cocoa---vanilla-protein-flapjack-54g">
                                    Graze Snack Box Oat Boosts Cocoa &amp; Vanilla Flapjack 50g
                                    <img src="https://assets.sainsburys-groceries.co.uk/gol/7789368/image.jpg" alt="">
                                </a>
                            </h3>
                        
<div class="promotion">

                        <p>
                            <a strapline="Meal Deal for Â£5.00 | 7789368" href="https://www.sainsburys.co.uk/shop/PromotionDisplayView?listId=2&amp;catalogId=10241&amp;productId=1005586&amp;langId=44&amp;storeId=10151&amp;promotionId=10664136"><!-- BEGIN include/PromotionStrapline.jspf -->Meal Deal for Â£5.00<br>

<!-- FINISH include/PromotionStrapline.jspf -->
                            </a>
                        </p>
                    
                        <p>
                            <a strapline="Meal Deal for Â£3.75 | 7789368" href="https://www.sainsburys.co.uk/shop/PromotionDisplayView?listId=2&amp;catalogId=10241&amp;productId=1005586&amp;langId=44&amp;storeId=10151&amp;promotionId=10669742">PLUS <!-- BEGIN include/PromotionStrapline.jspf -->Meal Deal for Â£3.75<br>

<!-- FINISH include/PromotionStrapline.jspf -->
                            </a>
                        </p>
                                
</div>

                    <div class="ThumbnailRoundel">
                    <!--ThumbnailRoundel --> 
                    </div>
                    <div class="promoBages">
                        <!-- PROMOTION -->
                    </div>


                    <!-- Review --><!-- BEGIN CatalogEntryRatingsReviewsInfo.jspf --><!-- productAllowedRatingsAndReviews: true -->
<div class="reviews">

    <a class="numberOfReviews" href="https://www.sainsburys.co.uk/shop/gb/groceries/product/details/graze-cocoa---vanilla-protein-flapjack-54g">
        <img src="//www.sainsburys.co.uk/wcsstore7.137.2/SainsburysStorefrontAssetStore/img/stars/rating-4_3.gif" alt="4.3" border="0">&nbsp; 
        Reviews (10)
    </a>

</div>
<!-- END CatalogEntryRatingsReviewsInfo.jspf -->
                </div>
                <!--ThumbnailRestriction -->
            </div>
            
            <div class="addToTrolleytabBox">
            <!-- addToTrolleytabBox LIST VIEW--><!-- Start UserSubscribedOrNot.jspf --><!-- Start UserSubscribedOrNot.jsp --><!-- 
    If the user is not logged in, render this opening 
    DIV adding an addtional class to fix the border top which is removed 
    and replaced by the tabs
-->
<div class="addToTrolleytabContainer addItemBorderTop">
<!-- End AddToSubscriptionList.jsp --><!-- End AddSubscriptionList.jspf --><!-- 
                    ATTENTION!!!
                    <div class="addToTrolleytabContainer">
                    This opening div is inside "../../ReusableObjects/UserSubscribedOrNot.jsp"
                    -->
                <div class="pricingAndTrolleyOptions">  
                    <div class="priceTab activeContainer priceTabContainer" id="addItem_1005587"> 
                        <div class="pricing">
                            
<p class="pricePerUnit">
Â£1.20 
</p>

<p class="pricePerMeasure">Â£2.26<abbr title="per">/</abbr>100<abbr title="gram"><span class="pricePerMeasureMeasure">g</span></abbr>
</p>

                                
                        </div>  
                          
                                    <div class="addToTrolleyForm ">   
                                        <!-- BEGIN AddToTrolley.jsp --><!-- fire an on add to bag here from  -->

<form class="addToTrolleyForm" name="OrderItemAddForm_1005586" action="OrderItemAdd" method="post" id="OrderItemAddForm_1005586">
    <input type="hidden" name="storeId" value="10151">
    <input type="hidden" name="langId" value="44">
    <input type="hidden" name="catalogId" value="10241">
    <input type="hidden" name="authToken" id="authToken1005586" value="-1002%2C3jIiHU%2F3lFc4jalpGDAhYOztAdQ%3D">
    
    
    <input type="hidden" name="errorViewName" value="PromotionDisplayView">
    <input type="hidden" name="SKU_ID" value="7789368">
    <input type="hidden" name="itemType" value="">
    <input type="hidden" name="parentSKU" value="">
    
    
       <input type="hidden" id="productCatentryId_1005587" value="1005586">
       <input type="hidden" id="catEntryId_1005586" value="1005587">
       <input type="hidden" name="ItemSKU_ID" value="7789368">
     
        
        <div class="quantity hidden" id="updateQtyPanelProduct_1005586" data-qty="">
            <ul>
                <li>
                    <a class="button decreaseQty " id="decreaseQty_1005586" href="#">-</a> 
                </li>
                <li>	
                    <label class="access" for="quantity_1005586">Quantity</label>						
                    <a href="#" class="button quantityPlp  " id="quantityUpdate_1005586">
                        </a>
                    <input name="quantity" id="quantity_1005586" type="hidden" size="3" value="" class="quantity">		        
                </li>
                <li>
                    
                    <a class="button increaseQty " id="increaseQty_1005586" href="#">+</a>
                </li>
            </ul>
        </div>				
            
        
            <input type="hidden" name="catEntryId" value="1005587">
        

        <input type="hidden" name="productId" value="1005586">
        

    <input type="hidden" name="URL" value="https://www.sainsburys.co.uk/webapp/wcs/stores/servlet/PromotionDisplayView?listId=2&amp;catalogId=10241&amp;productId=1117540&amp;langId=44&amp;storeId=10151&amp;promotionId=10669742">
    <input type="hidden" name="page" value="">
    <input type="hidden" name="contractId" value="">
    <input type="hidden" name="calculateOrder" value="1">
    <input type="hidden" name="calculationUsage" value="-1,-2,-3">
    <input type="hidden" name="updateable" value="1">
    <input type="hidden" name="merge" value="***">

                                  
            <input type="hidden" id="updateUrl_1005586" updateurlchild_1005587="AjaxOrderItemUpdate?calculateOrder=1&amp;itemType=&amp;ordItemUpdateFlag=0&amp;orderId=.&amp;updatePrices=1&amp;authToken=-1002%252C3jIiHU%252F3lFc4jalpGDAhYOztAdQ%253D&amp;calculationUsage=-1,-2,-3&amp;storeId=10151&amp;errorViewName=AjaxQuickCartDisplay&amp;URL=AjaxQuickCartDisplay&amp;catEntryId=1005587&amp;orderItemId_0=&amp;UOM_0=&amp;langId=44&amp;quantity_0=1">
            <input type="hidden" id="removeUrl_1005586" removeurlchild_1005587="AjaxOrderItemUpdate?calculateOrder=1&amp;itemType=&amp;productId=&amp;ordItemUpdateFlag=2&amp;orderId=.&amp;updatePrices=1&amp;authToken=-1002%252C3jIiHU%252F3lFc4jalpGDAhYOztAdQ%253D&amp;calculationUsage=-1,-2,-3&amp;storeId=10151&amp;errorViewName=AjaxQuickCartDisplay&amp;URL=AjaxQuickCartDisplay&amp;catEntryId=1005587&amp;productSKU=&amp;orderItemId_0=&amp;qtyDecremented=true&amp;langId=44&amp;quantity_0=0">           
         
       <input type="hidden" name="callAjax" value="false">
       
    
    <div class="add2Cart " id="addQtyPanelProduct_1005586">    
        
            <a class="button process addQty  " id="addQty_1005586" href="#">
                Add
            </a>

            <input type="hidden" name="Add" value="Add">
        
    </div>

</form>
<!-- END AddToTrolley.jsp -->
                                    </div>  
                                
                    </div><!-- END priceTabContainer Add container --><!-- Subscribe container --><!-- Start AddToSubscriptionList.jspf --><!-- Start AddToSubscriptionList.jsp --><!-- End AddToSubscriptionList.jsp --><!-- End AddToSubscriptionList.jspf --> 
                </div>  
            </div>  
        </div>
    </div>     
    </div> 
    <div id="additionalItems_1005587" class="additionalItems">
        <!-- BEGIN MerchandisingAssociationsDisplay.jsp --><!-- Start - JSP File Name:  MerchandisingAssociationsDisplay.jsp --><!-- END MerchandisingAssociationsDisplay.jsp -->  
    </div> 

<!-- END CatalogEntryThumbnailDisplay.jsp -->
                            </li>
                        
                            <li>
                                
                                                <div class="trolleySummary"><p class="saving">
                                                         <!-- %@ include file="../../include/PromotionStrapline.jspf"% -->
                                                </p></div>
                                            
                                                <div class="trolleySummary"><p class="saving">
                                                         <!-- %@ include file="../../include/PromotionStrapline.jspf"% -->
                                                </p></div>
                                            
                                                <div class="trolleySummary"><p class="saving">
                                                         <!-- %@ include file="../../include/PromotionStrapline.jspf"% -->
                                                </p></div>
                                            <!-- BEGIN CatalogEntryThumbnailDisplay.jsp -->
    <div class="product ">
        
        <div class="errorBanner hidden" id="error47928"></div>
                        
        
        <div class="productInner">
            <div class="productInfoWrapper">
                <div class="productInfo">
                    
                            <h3>
                                <a href="https://www.sainsburys.co.uk/shop/gb/groceries/product/details/cadbury-giant-dairy-milk-buttons-bag-40g">
                                    Cadbury Dairy Milk Chocolate Buttons 40g
                                    <img src="https://assets.sainsburys-groceries.co.uk/gol/7073552/image.jpg" alt="">
                                </a>
                            </h3>
                        
<div class="promotion">

                        <p>
                            <a strapline="Meal Deal for Â£5.00 | 7073552" href="https://www.sainsburys.co.uk/shop/PromotionDisplayView?listId=2&amp;catalogId=10241&amp;productId=47928&amp;langId=44&amp;storeId=10151&amp;promotionId=10664136"><!-- BEGIN include/PromotionStrapline.jspf -->Meal Deal for Â£5.00<br>

<!-- FINISH include/PromotionStrapline.jspf -->
                            </a>
                        </p>
                    
                        <p>
                            <a strapline="Meal Deal for Â£3.75 | 7073552" href="https://www.sainsburys.co.uk/shop/PromotionDisplayView?listId=2&amp;catalogId=10241&amp;productId=47928&amp;langId=44&amp;storeId=10151&amp;promotionId=10669742">PLUS <!-- BEGIN include/PromotionStrapline.jspf -->Meal Deal for Â£3.75<br>

<!-- FINISH include/PromotionStrapline.jspf -->
                            </a>
                        </p>
                                
</div>

                    <div class="ThumbnailRoundel">
                    <!--ThumbnailRoundel --> 
                    </div>
                    <div class="promoBages">
                        <!-- PROMOTION -->
                    </div>


                    <!-- Review --><!-- BEGIN CatalogEntryRatingsReviewsInfo.jspf --><!-- productAllowedRatingsAndReviews: true -->
<div class="reviews">

    <a class="numberOfReviews" href="https://www.sainsburys.co.uk/shop/gb/groceries/product/details/cadbury-giant-dairy-milk-buttons-bag-40g">
        <img src="//www.sainsburys.co.uk/wcsstore7.137.2/SainsburysStorefrontAssetStore/img/stars/rating-4_9.gif" alt="4.8833" border="0">&nbsp; 
        Reviews (60)
    </a>

</div>
<!-- END CatalogEntryRatingsReviewsInfo.jspf -->
                </div>
                <!--ThumbnailRestriction -->
            </div>
            
            <div class="addToTrolleytabBox">
            <!-- addToTrolleytabBox LIST VIEW--><!-- Start UserSubscribedOrNot.jspf --><!-- Start UserSubscribedOrNot.jsp --><!-- 
    If the user is not logged in, render this opening 
    DIV adding an addtional class to fix the border top which is removed 
    and replaced by the tabs
-->
<div class="addToTrolleytabContainer addItemBorderTop">
<!-- End AddToSubscriptionList.jsp --><!-- End AddSubscriptionList.jspf --><!-- 
                    ATTENTION!!!
                    <div class="addToTrolleytabContainer">
                    This opening div is inside "../../ReusableObjects/UserSubscribedOrNot.jsp"
                    -->
                <div class="pricingAndTrolleyOptions">  
                    <div class="priceTab activeContainer priceTabContainer" id="addItem_47929"> 
                        <div class="pricing">
                            
<p class="pricePerUnit">
Â£1.05 
</p>

<p class="pricePerMeasure">Â£2.63<abbr title="per">/</abbr>100<abbr title="gram"><span class="pricePerMeasureMeasure">g</span></abbr>
</p>

                                
                        </div>  
                          
                                    <div class="addToTrolleyForm ">   
                                        <!-- BEGIN AddToTrolley.jsp --><!-- fire an on add to bag here from  -->

<form class="addToTrolleyForm" name="OrderItemAddForm_47928" action="OrderItemAdd" method="post" id="OrderItemAddForm_47928">
    <input type="hidden" name="storeId" value="10151">
    <input type="hidden" name="langId" value="44">
    <input type="hidden" name="catalogId" value="10241">
    <input type="hidden" name="authToken" id="authToken47928" value="-1002%2C3jIiHU%2F3lFc4jalpGDAhYOztAdQ%3D">
    
    
    <input type="hidden" name="errorViewName" value="PromotionDisplayView">
    <input type="hidden" name="SKU_ID" value="7073552">
    <input type="hidden" name="itemType" value="">
    <input type="hidden" name="parentSKU" value="">
    
    
       <input type="hidden" id="productCatentryId_47929" value="47928">
       <input type="hidden" id="catEntryId_47928" value="47929">
       <input type="hidden" name="ItemSKU_ID" value="7073552">
     
        
        <div class="quantity hidden" id="updateQtyPanelProduct_47928" data-qty="">
            <ul>
                <li>
                    <a class="button decreaseQty " id="decreaseQty_47928" href="#">-</a> 
                </li>
                <li>	
                    <label class="access" for="quantity_47928">Quantity</label>						
                    <a href="#" class="button quantityPlp  " id="quantityUpdate_47928">
                        </a>
                    <input name="quantity" id="quantity_47928" type="hidden" size="3" value="" class="quantity">		        
                </li>
                <li>
                    
                    <a class="button increaseQty " id="increaseQty_47928" href="#">+</a>
                </li>
            </ul>
        </div>				
            
        
            <input type="hidden" name="catEntryId" value="47929">
        

        <input type="hidden" name="productId" value="47928">
        

    <input type="hidden" name="URL" value="https://www.sainsburys.co.uk/webapp/wcs/stores/servlet/PromotionDisplayView?listId=2&amp;catalogId=10241&amp;productId=1117540&amp;langId=44&amp;storeId=10151&amp;promotionId=10669742">
    <input type="hidden" name="page" value="">
    <input type="hidden" name="contractId" value="">
    <input type="hidden" name="calculateOrder" value="1">
    <input type="hidden" name="calculationUsage" value="-1,-2,-3">
    <input type="hidden" name="updateable" value="1">
    <input type="hidden" name="merge" value="***">

                                  
            <input type="hidden" id="updateUrl_47928" updateurlchild_47929="AjaxOrderItemUpdate?calculateOrder=1&amp;itemType=&amp;ordItemUpdateFlag=0&amp;orderId=.&amp;updatePrices=1&amp;authToken=-1002%252C3jIiHU%252F3lFc4jalpGDAhYOztAdQ%253D&amp;calculationUsage=-1,-2,-3&amp;storeId=10151&amp;errorViewName=AjaxQuickCartDisplay&amp;URL=AjaxQuickCartDisplay&amp;catEntryId=47929&amp;orderItemId_0=&amp;UOM_0=&amp;langId=44&amp;quantity_0=1">
            <input type="hidden" id="removeUrl_47928" removeurlchild_47929="AjaxOrderItemUpdate?calculateOrder=1&amp;itemType=&amp;productId=&amp;ordItemUpdateFlag=2&amp;orderId=.&amp;updatePrices=1&amp;authToken=-1002%252C3jIiHU%252F3lFc4jalpGDAhYOztAdQ%253D&amp;calculationUsage=-1,-2,-3&amp;storeId=10151&amp;errorViewName=AjaxQuickCartDisplay&amp;URL=AjaxQuickCartDisplay&amp;catEntryId=47929&amp;productSKU=&amp;orderItemId_0=&amp;qtyDecremented=true&amp;langId=44&amp;quantity_0=0">           
         
       <input type="hidden" name="callAjax" value="false">
       
    
    <div class="add2Cart " id="addQtyPanelProduct_47928">    
        
            <a class="button process addQty  " id="addQty_47928" href="#">
                Add
            </a>

            <input type="hidden" name="Add" value="Add">
        
    </div>

</form>
<!-- END AddToTrolley.jsp -->
                                    </div>  
                                
                    </div><!-- END priceTabContainer Add container --><!-- Subscribe container --><!-- Start AddToSubscriptionList.jspf --><!-- Start AddToSubscriptionList.jsp --><!-- End AddToSubscriptionList.jsp --><!-- End AddToSubscriptionList.jspf --> 
                </div>  
            </div>  
        </div>
    </div>     
    </div> 
    <div id="additionalItems_47929" class="additionalItems">
        <!-- BEGIN MerchandisingAssociationsDisplay.jsp --><!-- Start - JSP File Name:  MerchandisingAssociationsDisplay.jsp --><!-- END MerchandisingAssociationsDisplay.jsp -->  
    </div> 

<!-- END CatalogEntryThumbnailDisplay.jsp -->
                            </li>
                        
                            <li>
                                
                                                <div class="trolleySummary"><p class="saving">
                                                         <!-- %@ include file="../../include/PromotionStrapline.jspf"% -->
                                                </p></div>
                                            
                                                <div class="trolleySummary"><p class="saving">
                                                         <!-- %@ include file="../../include/PromotionStrapline.jspf"% -->
                                                </p></div>
                                            
                                                <div class="trolleySummary"><p class="saving">
                                                         <!-- %@ include file="../../include/PromotionStrapline.jspf"% -->
                                                </p></div>
                                            <!-- BEGIN CatalogEntryThumbnailDisplay.jsp -->
    <div class="product ">
        
        <div class="errorBanner hidden" id="error966468"></div>
                        
        
        <div class="productInner">
            <div class="productInfoWrapper">
                <div class="productInfo">
                    
                            <h3>
                                <a href="https://www.sainsburys.co.uk/shop/gb/groceries/product/details/hula-hoops-big-hoops-original-potato-rings-50g">
                                    Big Hoops Salted Grab Bag Crisps 45g
                                    <img src="https://assets.sainsburys-groceries.co.uk/gol/7553100/image.jpg" alt="">
                                </a>
                            </h3>
                        
<div class="promotion">

                        <p>
                            <a strapline="Meal Deal for Â£5.00 | 7553100" href="https://www.sainsburys.co.uk/shop/PromotionDisplayView?listId=2&amp;catalogId=10241&amp;productId=966468&amp;langId=44&amp;storeId=10151&amp;promotionId=10664136"><!-- BEGIN include/PromotionStrapline.jspf -->Meal Deal for Â£5.00<br>

<!-- FINISH include/PromotionStrapline.jspf -->
                            </a>
                        </p>
                    
                        <p>
                            <a strapline="Meal Deal for Â£3.75 | 7553100" href="https://www.sainsburys.co.uk/shop/PromotionDisplayView?listId=2&amp;catalogId=10241&amp;productId=966468&amp;langId=44&amp;storeId=10151&amp;promotionId=10669742">PLUS <!-- BEGIN include/PromotionStrapline.jspf -->Meal Deal for Â£3.75<br>

<!-- FINISH include/PromotionStrapline.jspf -->
                            </a>
                        </p>
                                
</div>

                    <div class="ThumbnailRoundel">
                    <!--ThumbnailRoundel --> 
                    </div>
                    <div class="promoBages">
                        <!-- PROMOTION -->
                    </div>


                    <!-- Review --><!-- BEGIN CatalogEntryRatingsReviewsInfo.jspf --><!-- productAllowedRatingsAndReviews: true -->
<div class="reviews">

    <a class="numberOfReviews" href="https://www.sainsburys.co.uk/shop/gb/groceries/product/details/hula-hoops-big-hoops-original-potato-rings-50g">
        <img src="//www.sainsburys.co.uk/wcsstore7.137.2/SainsburysStorefrontAssetStore/img/stars/rating-4_2.gif" alt="4.1667" border="0">&nbsp; 
        Reviews (12)
    </a>

</div>
<!-- END CatalogEntryRatingsReviewsInfo.jspf -->
                </div>
                <!--ThumbnailRestriction -->
            </div>
            
            <div class="addToTrolleytabBox">
            <!-- addToTrolleytabBox LIST VIEW--><!-- Start UserSubscribedOrNot.jspf --><!-- Start UserSubscribedOrNot.jsp --><!-- 
    If the user is not logged in, render this opening 
    DIV adding an addtional class to fix the border top which is removed 
    and replaced by the tabs
-->
<div class="addToTrolleytabContainer addItemBorderTop">
<!-- End AddToSubscriptionList.jsp --><!-- End AddSubscriptionList.jspf --><!-- 
                    ATTENTION!!!
                    <div class="addToTrolleytabContainer">
                    This opening div is inside "../../ReusableObjects/UserSubscribedOrNot.jsp"
                    -->
                <div class="pricingAndTrolleyOptions">  
                    <div class="priceTab activeContainer priceTabContainer" id="addItem_966469"> 
                        <div class="pricing">
                            
<p class="pricePerUnit">
Â£1.10 
</p>

<p class="pricePerMeasure">Â£2.44<abbr title="per">/</abbr>100<abbr title="gram"><span class="pricePerMeasureMeasure">g</span></abbr>
</p>

                                
                        </div>  
                          
                                    <div class="addToTrolleyForm ">   
                                        <!-- BEGIN AddToTrolley.jsp --><!-- fire an on add to bag here from  -->

<form class="addToTrolleyForm" name="OrderItemAddForm_966468" action="OrderItemAdd" method="post" id="OrderItemAddForm_966468">
    <input type="hidden" name="storeId" value="10151">
    <input type="hidden" name="langId" value="44">
    <input type="hidden" name="catalogId" value="10241">
    <input type="hidden" name="authToken" id="authToken966468" value="-1002%2C3jIiHU%2F3lFc4jalpGDAhYOztAdQ%3D">
    
    
    <input type="hidden" name="errorViewName" value="PromotionDisplayView">
    <input type="hidden" name="SKU_ID" value="7553100">
    <input type="hidden" name="itemType" value="">
    <input type="hidden" name="parentSKU" value="">
    
    
       <input type="hidden" id="productCatentryId_966469" value="966468">
       <input type="hidden" id="catEntryId_966468" value="966469">
       <input type="hidden" name="ItemSKU_ID" value="7553100">
     
        
        <div class="quantity hidden" id="updateQtyPanelProduct_966468" data-qty="">
            <ul>
                <li>
                    <a class="button decreaseQty " id="decreaseQty_966468" href="#">-</a> 
                </li>
                <li>	
                    <label class="access" for="quantity_966468">Quantity</label>						
                    <a href="#" class="button quantityPlp  " id="quantityUpdate_966468">
                        </a>
                    <input name="quantity" id="quantity_966468" type="hidden" size="3" value="" class="quantity">		        
                </li>
                <li>
                    
                    <a class="button increaseQty " id="increaseQty_966468" href="#">+</a>
                </li>
            </ul>
        </div>				
            
        
            <input type="hidden" name="catEntryId" value="966469">
        

        <input type="hidden" name="productId" value="966468">
        

    <input type="hidden" name="URL" value="https://www.sainsburys.co.uk/webapp/wcs/stores/servlet/PromotionDisplayView?listId=2&amp;catalogId=10241&amp;productId=1117540&amp;langId=44&amp;storeId=10151&amp;promotionId=10669742">
    <input type="hidden" name="page" value="">
    <input type="hidden" name="contractId" value="">
    <input type="hidden" name="calculateOrder" value="1">
    <input type="hidden" name="calculationUsage" value="-1,-2,-3">
    <input type="hidden" name="updateable" value="1">
    <input type="hidden" name="merge" value="***">

                                  
            <input type="hidden" id="updateUrl_966468" updateurlchild_966469="AjaxOrderItemUpdate?calculateOrder=1&amp;itemType=&amp;ordItemUpdateFlag=0&amp;orderId=.&amp;updatePrices=1&amp;authToken=-1002%252C3jIiHU%252F3lFc4jalpGDAhYOztAdQ%253D&amp;calculationUsage=-1,-2,-3&amp;storeId=10151&amp;errorViewName=AjaxQuickCartDisplay&amp;URL=AjaxQuickCartDisplay&amp;catEntryId=966469&amp;orderItemId_0=&amp;UOM_0=&amp;langId=44&amp;quantity_0=1">
            <input type="hidden" id="removeUrl_966468" removeurlchild_966469="AjaxOrderItemUpdate?calculateOrder=1&amp;itemType=&amp;productId=&amp;ordItemUpdateFlag=2&amp;orderId=.&amp;updatePrices=1&amp;authToken=-1002%252C3jIiHU%252F3lFc4jalpGDAhYOztAdQ%253D&amp;calculationUsage=-1,-2,-3&amp;storeId=10151&amp;errorViewName=AjaxQuickCartDisplay&amp;URL=AjaxQuickCartDisplay&amp;catEntryId=966469&amp;productSKU=&amp;orderItemId_0=&amp;qtyDecremented=true&amp;langId=44&amp;quantity_0=0">           
         
       <input type="hidden" name="callAjax" value="false">
       
    
    <div class="add2Cart " id="addQtyPanelProduct_966468">    
        
            <a class="button process addQty  " id="addQty_966468" href="#">
                Add
            </a>

            <input type="hidden" name="Add" value="Add">
        
    </div>

</form>
<!-- END AddToTrolley.jsp -->
                                    </div>  
                                
                    </div><!-- END priceTabContainer Add container --><!-- Subscribe container --><!-- Start AddToSubscriptionList.jspf --><!-- Start AddToSubscriptionList.jsp --><!-- End AddToSubscriptionList.jsp --><!-- End AddToSubscriptionList.jspf --> 
                </div>  
            </div>  
        </div>
    </div>     
    </div> 
    <div id="additionalItems_966469" class="additionalItems">
        <!-- BEGIN MerchandisingAssociationsDisplay.jsp --><!-- Start - JSP File Name:  MerchandisingAssociationsDisplay.jsp --><!-- END MerchandisingAssociationsDisplay.jsp -->  
    </div> 

<!-- END CatalogEntryThumbnailDisplay.jsp -->
                            </li>
                        
                            <li>
                                
                                                <div class="trolleySummary"><p class="saving">
                                                         <!-- %@ include file="../../include/PromotionStrapline.jspf"% -->
                                                </p></div>
                                            
                                                <div class="trolleySummary"><p class="saving">
                                                         <!-- %@ include file="../../include/PromotionStrapline.jspf"% -->
                                                </p></div>
                                            
                                                <div class="trolleySummary"><p class="saving">
                                                         <!-- %@ include file="../../include/PromotionStrapline.jspf"% -->
                                                </p></div>
                                            <!-- BEGIN CatalogEntryThumbnailDisplay.jsp -->
    <div class="product ">
        
        <div class="errorBanner hidden" id="error1369542"></div>
                        
        
        <div class="productInner">
            <div class="productInfoWrapper">
                <div class="productInfo">
                    
                            <h3>
                                <a href="https://www.sainsburys.co.uk/shop/gb/groceries/product/details/nomo-vegan-free-from-caramel-chocolate-bar-38g">
                                    NOMO Vegan &amp; Free From Caramel Chocolate Bar 38g
                                    <img src="https://assets.sainsburys-groceries.co.uk/gol/8037995/image.jpg" alt="">
                                </a>
                            </h3>
                        
<div class="promotion">

                        <p>
                            <a strapline="Only Â£1.20: Save 30p | 8037995" href="https://www.sainsburys.co.uk/shop/PromotionDisplayView?catalogId=10241&amp;productId=1369542&amp;langId=44&amp;storeId=10151&amp;promotionId=10669469"><!-- BEGIN include/PromotionStrapline.jspf -->Only Â£1.20: Save 30p<br>

<!-- FINISH include/PromotionStrapline.jspf -->
                            </a>
                        </p>
                    
                        <p>
                            <a strapline="Meal Deal for Â£5.00 | 8037995" href="https://www.sainsburys.co.uk/shop/PromotionDisplayView?listId=2&amp;catalogId=10241&amp;productId=1369542&amp;langId=44&amp;storeId=10151&amp;promotionId=10664136">PLUS <!-- BEGIN include/PromotionStrapline.jspf -->Meal Deal for Â£5.00<br>

<!-- FINISH include/PromotionStrapline.jspf -->
                            </a>
                        </p>
                    
                        <p>
                            <a strapline="Meal Deal for Â£3.75 | 8037995" href="https://www.sainsburys.co.uk/shop/PromotionDisplayView?listId=2&amp;catalogId=10241&amp;productId=1369542&amp;langId=44&amp;storeId=10151&amp;promotionId=10669742">PLUS <!-- BEGIN include/PromotionStrapline.jspf -->Meal Deal for Â£3.75<br>

<!-- FINISH include/PromotionStrapline.jspf -->
                            </a>
                        </p>
                                
</div>

                    <div class="ThumbnailRoundel">
                    <!--ThumbnailRoundel --> 
                    </div>
                    <div class="promoBages">
                        <!-- PROMOTION -->
                    </div>


                    <!-- Review --><!-- BEGIN CatalogEntryRatingsReviewsInfo.jspf --><!-- productAllowedRatingsAndReviews: true -->
<div class="reviews">

    <a class="numberOfReviews" href="https://www.sainsburys.co.uk/shop/gb/groceries/product/details/nomo-vegan-free-from-caramel-chocolate-bar-38g">
        <img src="//www.sainsburys.co.uk/wcsstore7.137.2/SainsburysStorefrontAssetStore/img/stars/rating-4_8.gif" alt="4.8333" border="0">&nbsp; 
        Reviews (12)
    </a>

</div>
<!-- END CatalogEntryRatingsReviewsInfo.jspf -->
                </div>
                <!--ThumbnailRestriction -->
            </div>
            
            <div class="addToTrolleytabBox">
            <!-- addToTrolleytabBox LIST VIEW--><!-- Start UserSubscribedOrNot.jspf --><!-- Start UserSubscribedOrNot.jsp --><!-- 
    If the user is not logged in, render this opening 
    DIV adding an addtional class to fix the border top which is removed 
    and replaced by the tabs
-->
<div class="addToTrolleytabContainer addItemBorderTop">
<!-- End AddToSubscriptionList.jsp --><!-- End AddSubscriptionList.jspf --><!-- 
                    ATTENTION!!!
                    <div class="addToTrolleytabContainer">
                    This opening div is inside "../../ReusableObjects/UserSubscribedOrNot.jsp"
                    -->
                <div class="pricingAndTrolleyOptions">  
                    <div class="priceTab activeContainer priceTabContainer" id="addItem_1369543"> 
                        <div class="pricing">
                            
<p class="pricePerUnit">
Â£1.20 
</p>

<p class="pricePerMeasure">Â£3.16<abbr title="per">/</abbr>100<abbr title="gram"><span class="pricePerMeasureMeasure">g</span></abbr>
</p>

                                
                        </div>  
                          
                                    <div class="addToTrolleyForm ">   
                                        <!-- BEGIN AddToTrolley.jsp --><!-- fire an on add to bag here from  -->

<form class="addToTrolleyForm" name="OrderItemAddForm_1369542" action="OrderItemAdd" method="post" id="OrderItemAddForm_1369542">
    <input type="hidden" name="storeId" value="10151">
    <input type="hidden" name="langId" value="44">
    <input type="hidden" name="catalogId" value="10241">
    <input type="hidden" name="authToken" id="authToken1369542" value="-1002%2C3jIiHU%2F3lFc4jalpGDAhYOztAdQ%3D">
    
    
    <input type="hidden" name="errorViewName" value="PromotionDisplayView">
    <input type="hidden" name="SKU_ID" value="8037995">
    <input type="hidden" name="itemType" value="">
    <input type="hidden" name="parentSKU" value="">
    
    
       <input type="hidden" id="productCatentryId_1369543" value="1369542">
       <input type="hidden" id="catEntryId_1369542" value="1369543">
       <input type="hidden" name="ItemSKU_ID" value="8037995">
     
        
        <div class="quantity hidden" id="updateQtyPanelProduct_1369542" data-qty="">
            <ul>
                <li>
                    <a class="button decreaseQty " id="decreaseQty_1369542" href="#">-</a> 
                </li>
                <li>	
                    <label class="access" for="quantity_1369542">Quantity</label>						
                    <a href="#" class="button quantityPlp  " id="quantityUpdate_1369542">
                        </a>
                    <input name="quantity" id="quantity_1369542" type="hidden" size="3" value="" class="quantity">		        
                </li>
                <li>
                    
                    <a class="button increaseQty " id="increaseQty_1369542" href="#">+</a>
                </li>
            </ul>
        </div>				
            
        
            <input type="hidden" name="catEntryId" value="1369543">
        

        <input type="hidden" name="productId" value="1369542">
        

    <input type="hidden" name="URL" value="https://www.sainsburys.co.uk/webapp/wcs/stores/servlet/PromotionDisplayView?listId=2&amp;catalogId=10241&amp;productId=1117540&amp;langId=44&amp;storeId=10151&amp;promotionId=10669742">
    <input type="hidden" name="page" value="">
    <input type="hidden" name="contractId" value="">
    <input type="hidden" name="calculateOrder" value="1">
    <input type="hidden" name="calculationUsage" value="-1,-2,-3">
    <input type="hidden" name="updateable" value="1">
    <input type="hidden" name="merge" value="***">

                                  
            <input type="hidden" id="updateUrl_1369542" updateurlchild_1369543="AjaxOrderItemUpdate?calculateOrder=1&amp;itemType=&amp;ordItemUpdateFlag=0&amp;orderId=.&amp;updatePrices=1&amp;authToken=-1002%252C3jIiHU%252F3lFc4jalpGDAhYOztAdQ%253D&amp;calculationUsage=-1,-2,-3&amp;storeId=10151&amp;errorViewName=AjaxQuickCartDisplay&amp;URL=AjaxQuickCartDisplay&amp;catEntryId=1369543&amp;orderItemId_0=&amp;UOM_0=&amp;langId=44&amp;quantity_0=1">
            <input type="hidden" id="removeUrl_1369542" removeurlchild_1369543="AjaxOrderItemUpdate?calculateOrder=1&amp;itemType=&amp;productId=&amp;ordItemUpdateFlag=2&amp;orderId=.&amp;updatePrices=1&amp;authToken=-1002%252C3jIiHU%252F3lFc4jalpGDAhYOztAdQ%253D&amp;calculationUsage=-1,-2,-3&amp;storeId=10151&amp;errorViewName=AjaxQuickCartDisplay&amp;URL=AjaxQuickCartDisplay&amp;catEntryId=1369543&amp;productSKU=&amp;orderItemId_0=&amp;qtyDecremented=true&amp;langId=44&amp;quantity_0=0">           
         
       <input type="hidden" name="callAjax" value="false">
       
    
    <div class="add2Cart " id="addQtyPanelProduct_1369542">    
        
            <a class="button process addQty  " id="addQty_1369542" href="#">
                Add
            </a>

            <input type="hidden" name="Add" value="Add">
        
    </div>

</form>
<!-- END AddToTrolley.jsp -->
                                    </div>  
                                
                    </div><!-- END priceTabContainer Add container --><!-- Subscribe container --><!-- Start AddToSubscriptionList.jspf --><!-- Start AddToSubscriptionList.jsp --><!-- End AddToSubscriptionList.jsp --><!-- End AddToSubscriptionList.jspf --> 
                </div>  
            </div>  
        </div>
    </div>     
    </div> 
    <div id="additionalItems_1369543" class="additionalItems">
        <!-- BEGIN MerchandisingAssociationsDisplay.jsp --><!-- Start - JSP File Name:  MerchandisingAssociationsDisplay.jsp --><!-- END MerchandisingAssociationsDisplay.jsp -->  
    </div> 

<!-- END CatalogEntryThumbnailDisplay.jsp -->
                            </li>
                        
                            <li>
                                
                                                <div class="trolleySummary"><p class="saving">
                                                         <!-- %@ include file="../../include/PromotionStrapline.jspf"% -->
                                                </p></div>
                                            
                                                <div class="trolleySummary"><p class="saving">
                                                         <!-- %@ include file="../../include/PromotionStrapline.jspf"% -->
                                                </p></div>
                                            
                                                <div class="trolleySummary"><p class="saving">
                                                         <!-- %@ include file="../../include/PromotionStrapline.jspf"% -->
                                                </p></div>
                                            <!-- BEGIN CatalogEntryThumbnailDisplay.jsp -->
    <div class="product ">
        
        <div class="errorBanner hidden" id="error46318"></div>
                        
        
        <div class="productInner">
            <div class="productInfoWrapper">
                <div class="productInfo">
                    
                            <h3>
                                <a href="https://www.sainsburys.co.uk/shop/gb/groceries/product/details/mars-single-bar-58g">
                                    Mars Caramel Nougat &amp; Milk Chocolate Snack Bar 51g
                                    <img src="https://assets.sainsburys-groceries.co.uk/gol/6831973/image.jpg" alt="">
                                </a>
                            </h3>
                        
<div class="promotion">

                        <p>
                            <a strapline="Meal Deal for Â£5.00 | 6831973" href="https://www.sainsburys.co.uk/shop/PromotionDisplayView?listId=2&amp;catalogId=10241&amp;productId=46318&amp;langId=44&amp;storeId=10151&amp;promotionId=10664136"><!-- BEGIN include/PromotionStrapline.jspf -->Meal Deal for Â£5.00<br>

<!-- FINISH include/PromotionStrapline.jspf -->
                            </a>
                        </p>
                    
                        <p>
                            <a strapline="Meal Deal for Â£3.75 | 6831973" href="https://www.sainsburys.co.uk/shop/PromotionDisplayView?listId=2&amp;catalogId=10241&amp;productId=46318&amp;langId=44&amp;storeId=10151&amp;promotionId=10669742">PLUS <!-- BEGIN include/PromotionStrapline.jspf -->Meal Deal for Â£3.75<br>

<!-- FINISH include/PromotionStrapline.jspf -->
                            </a>
                        </p>
                                
</div>

                    <div class="ThumbnailRoundel">
                    <!--ThumbnailRoundel --> 
                    </div>
                    <div class="promoBages">
                        <!-- PROMOTION -->
                    </div>


                    <!-- Review --><!-- BEGIN CatalogEntryRatingsReviewsInfo.jspf --><!-- productAllowedRatingsAndReviews: true -->
<div class="reviews">

    <a class="numberOfReviews" href="https://www.sainsburys.co.uk/shop/gb/groceries/product/details/mars-single-bar-58g">
        <img src="//www.sainsburys.co.uk/wcsstore7.137.2/SainsburysStorefrontAssetStore/img/stars/rating-4_2.gif" alt="4.1579" border="0">&nbsp; 
        Reviews (38)
    </a>

</div>
<!-- END CatalogEntryRatingsReviewsInfo.jspf -->
                </div>
                <!--ThumbnailRestriction -->
            </div>
            
            <div class="addToTrolleytabBox">
            <!-- addToTrolleytabBox LIST VIEW--><!-- Start UserSubscribedOrNot.jspf --><!-- Start UserSubscribedOrNot.jsp --><!-- 
    If the user is not logged in, render this opening 
    DIV adding an addtional class to fix the border top which is removed 
    and replaced by the tabs
-->
<div class="addToTrolleytabContainer addItemBorderTop">
<!-- End AddToSubscriptionList.jsp --><!-- End AddSubscriptionList.jspf --><!-- 
                    ATTENTION!!!
                    <div class="addToTrolleytabContainer">
                    This opening div is inside "../../ReusableObjects/UserSubscribedOrNot.jsp"
                    -->
                <div class="pricingAndTrolleyOptions">  
                    <div class="priceTab activeContainer priceTabContainer" id="addItem_46319"> 
                        <div class="pricing">
                            
<p class="pricePerUnit">
95p 
</p>

<p class="pricePerMeasure">Â£1.86<abbr title="per">/</abbr>100<abbr title="gram"><span class="pricePerMeasureMeasure">g</span></abbr>
</p>

                                
                        </div>  
                          
                                    <div class="addToTrolleyForm ">   
                                        <!-- BEGIN AddToTrolley.jsp --><!-- fire an on add to bag here from  -->

<form class="addToTrolleyForm" name="OrderItemAddForm_46318" action="OrderItemAdd" method="post" id="OrderItemAddForm_46318">
    <input type="hidden" name="storeId" value="10151">
    <input type="hidden" name="langId" value="44">
    <input type="hidden" name="catalogId" value="10241">
    <input type="hidden" name="authToken" id="authToken46318" value="-1002%2C3jIiHU%2F3lFc4jalpGDAhYOztAdQ%3D">
    
    
    <input type="hidden" name="errorViewName" value="PromotionDisplayView">
    <input type="hidden" name="SKU_ID" value="6831973">
    <input type="hidden" name="itemType" value="">
    <input type="hidden" name="parentSKU" value="">
    
    
       <input type="hidden" id="productCatentryId_46319" value="46318">
       <input type="hidden" id="catEntryId_46318" value="46319">
       <input type="hidden" name="ItemSKU_ID" value="6831973">
     
        
        <div class="quantity hidden" id="updateQtyPanelProduct_46318" data-qty="">
            <ul>
                <li>
                    <a class="button decreaseQty " id="decreaseQty_46318" href="#">-</a> 
                </li>
                <li>	
                    <label class="access" for="quantity_46318">Quantity</label>						
                    <a href="#" class="button quantityPlp  " id="quantityUpdate_46318">
                        </a>
                    <input name="quantity" id="quantity_46318" type="hidden" size="3" value="" class="quantity">		        
                </li>
                <li>
                    
                    <a class="button increaseQty " id="increaseQty_46318" href="#">+</a>
                </li>
            </ul>
        </div>				
            
        
            <input type="hidden" name="catEntryId" value="46319">
        

        <input type="hidden" name="productId" value="46318">
        

    <input type="hidden" name="URL" value="https://www.sainsburys.co.uk/webapp/wcs/stores/servlet/PromotionDisplayView?listId=2&amp;catalogId=10241&amp;productId=1117540&amp;langId=44&amp;storeId=10151&amp;promotionId=10669742">
    <input type="hidden" name="page" value="">
    <input type="hidden" name="contractId" value="">
    <input type="hidden" name="calculateOrder" value="1">
    <input type="hidden" name="calculationUsage" value="-1,-2,-3">
    <input type="hidden" name="updateable" value="1">
    <input type="hidden" name="merge" value="***">

                                  
            <input type="hidden" id="updateUrl_46318" updateurlchild_46319="AjaxOrderItemUpdate?calculateOrder=1&amp;itemType=&amp;ordItemUpdateFlag=0&amp;orderId=.&amp;updatePrices=1&amp;authToken=-1002%252C3jIiHU%252F3lFc4jalpGDAhYOztAdQ%253D&amp;calculationUsage=-1,-2,-3&amp;storeId=10151&amp;errorViewName=AjaxQuickCartDisplay&amp;URL=AjaxQuickCartDisplay&amp;catEntryId=46319&amp;orderItemId_0=&amp;UOM_0=&amp;langId=44&amp;quantity_0=1">
            <input type="hidden" id="removeUrl_46318" removeurlchild_46319="AjaxOrderItemUpdate?calculateOrder=1&amp;itemType=&amp;productId=&amp;ordItemUpdateFlag=2&amp;orderId=.&amp;updatePrices=1&amp;authToken=-1002%252C3jIiHU%252F3lFc4jalpGDAhYOztAdQ%253D&amp;calculationUsage=-1,-2,-3&amp;storeId=10151&amp;errorViewName=AjaxQuickCartDisplay&amp;URL=AjaxQuickCartDisplay&amp;catEntryId=46319&amp;productSKU=&amp;orderItemId_0=&amp;qtyDecremented=true&amp;langId=44&amp;quantity_0=0">           
         
       <input type="hidden" name="callAjax" value="false">
       
    
    <div class="add2Cart " id="addQtyPanelProduct_46318">    
        
            <a class="button process addQty  " id="addQty_46318" href="#">
                Add
            </a>

            <input type="hidden" name="Add" value="Add">
        
    </div>

</form>
<!-- END AddToTrolley.jsp -->
                                    </div>  
                                
                    </div><!-- END priceTabContainer Add container --><!-- Subscribe container --><!-- Start AddToSubscriptionList.jspf --><!-- Start AddToSubscriptionList.jsp --><!-- End AddToSubscriptionList.jsp --><!-- End AddToSubscriptionList.jspf --> 
                </div>  
            </div>  
        </div>
    </div>     
    </div> 
    <div id="additionalItems_46319" class="additionalItems">
        <!-- BEGIN MerchandisingAssociationsDisplay.jsp --><!-- Start - JSP File Name:  MerchandisingAssociationsDisplay.jsp --><!-- END MerchandisingAssociationsDisplay.jsp -->  
    </div> 

<!-- END CatalogEntryThumbnailDisplay.jsp -->
                            </li>
                        
                            <li>
                                
                                                <div class="trolleySummary"><p class="saving">
                                                         <!-- %@ include file="../../include/PromotionStrapline.jspf"% -->
                                                </p></div>
                                            
                                                <div class="trolleySummary"><p class="saving">
                                                         <!-- %@ include file="../../include/PromotionStrapline.jspf"% -->
                                                </p></div>
                                            
                                                <div class="trolleySummary"><p class="saving">
                                                         <!-- %@ include file="../../include/PromotionStrapline.jspf"% -->
                                                </p></div>
                                            <!-- BEGIN CatalogEntryThumbnailDisplay.jsp -->
    <div class="product ">
        
        <div class="errorBanner hidden" id="error441942"></div>
                        
        
        <div class="productInner">
            <div class="productInfoWrapper">
                <div class="productInfo">
                    
                            <h3>
                                <a href="https://www.sainsburys.co.uk/shop/gb/groceries/product/details/trek-cocoa-oat-flapjack-50g">
                                    Trek Cocoa Oat Protein Flapjack 50g
                                    <img src="https://assets.sainsburys-groceries.co.uk/gol/7648347/image.jpg" alt="">
                                </a>
                            </h3>
                        
<div class="promotion">

                        <p>
                            <a strapline="Meal Deal for Â£5.00 | 7648347" href="https://www.sainsburys.co.uk/shop/PromotionDisplayView?listId=2&amp;catalogId=10241&amp;productId=441942&amp;langId=44&amp;storeId=10151&amp;promotionId=10664136"><!-- BEGIN include/PromotionStrapline.jspf -->Meal Deal for Â£5.00<br>

<!-- FINISH include/PromotionStrapline.jspf -->
                            </a>
                        </p>
                    
                        <p>
                            <a strapline="Meal Deal for Â£3.75 | 7648347" href="https://www.sainsburys.co.uk/shop/PromotionDisplayView?listId=2&amp;catalogId=10241&amp;productId=441942&amp;langId=44&amp;storeId=10151&amp;promotionId=10669742">PLUS <!-- BEGIN include/PromotionStrapline.jspf -->Meal Deal for Â£3.75<br>

<!-- FINISH include/PromotionStrapline.jspf -->
                            </a>
                        </p>
                                
</div>

                    <div class="ThumbnailRoundel">
                    <!--ThumbnailRoundel --> 
                    </div>
                    <div class="promoBages">
                        <!-- PROMOTION -->
                    </div>


                    <!-- Review --><!-- BEGIN CatalogEntryRatingsReviewsInfo.jspf --><!-- productAllowedRatingsAndReviews: true -->
<div class="reviews">

    <a class="numberOfReviews" href="https://www.sainsburys.co.uk/shop/gb/groceries/product/details/trek-cocoa-oat-flapjack-50g">
        <img src="//www.sainsburys.co.uk/wcsstore7.137.2/SainsburysStorefrontAssetStore/img/stars/rating-3_8.gif" alt="3.7857" border="0">&nbsp; 
        Reviews (28)
    </a>

</div>
<!-- END CatalogEntryRatingsReviewsInfo.jspf -->
                </div>
                <!--ThumbnailRestriction -->
            </div>
            
            <div class="addToTrolleytabBox">
            <!-- addToTrolleytabBox LIST VIEW--><!-- Start UserSubscribedOrNot.jspf --><!-- Start UserSubscribedOrNot.jsp --><!-- 
    If the user is not logged in, render this opening 
    DIV adding an addtional class to fix the border top which is removed 
    and replaced by the tabs
-->
<div class="addToTrolleytabContainer addItemBorderTop">
<!-- End AddToSubscriptionList.jsp --><!-- End AddSubscriptionList.jspf --><!-- 
                    ATTENTION!!!
                    <div class="addToTrolleytabContainer">
                    This opening div is inside "../../ReusableObjects/UserSubscribedOrNot.jsp"
                    -->
                <div class="pricingAndTrolleyOptions">  
                    <div class="priceTab activeContainer priceTabContainer" id="addItem_441943"> 
                        <div class="pricing">
                            
<p class="pricePerUnit">
Â£1.65 
</p>

<p class="pricePerMeasure">Â£3.30<abbr title="per">/</abbr>100<abbr title="gram"><span class="pricePerMeasureMeasure">g</span></abbr>
</p>

                                
                        </div>  
                          
                                    <div class="addToTrolleyForm ">   
                                        <!-- BEGIN AddToTrolley.jsp --><!-- fire an on add to bag here from  -->

<form class="addToTrolleyForm" name="OrderItemAddForm_441942" action="OrderItemAdd" method="post" id="OrderItemAddForm_441942">
    <input type="hidden" name="storeId" value="10151">
    <input type="hidden" name="langId" value="44">
    <input type="hidden" name="catalogId" value="10241">
    <input type="hidden" name="authToken" id="authToken441942" value="-1002%2C3jIiHU%2F3lFc4jalpGDAhYOztAdQ%3D">
    
    
    <input type="hidden" name="errorViewName" value="PromotionDisplayView">
    <input type="hidden" name="SKU_ID" value="7648347">
    <input type="hidden" name="itemType" value="">
    <input type="hidden" name="parentSKU" value="">
    
    
       <input type="hidden" id="productCatentryId_441943" value="441942">
       <input type="hidden" id="catEntryId_441942" value="441943">
       <input type="hidden" name="ItemSKU_ID" value="7648347">
     
        
        <div class="quantity hidden" id="updateQtyPanelProduct_441942" data-qty="">
            <ul>
                <li>
                    <a class="button decreaseQty " id="decreaseQty_441942" href="#">-</a> 
                </li>
                <li>	
                    <label class="access" for="quantity_441942">Quantity</label>						
                    <a href="#" class="button quantityPlp  " id="quantityUpdate_441942">
                        </a>
                    <input name="quantity" id="quantity_441942" type="hidden" size="3" value="" class="quantity">		        
                </li>
                <li>
                    
                    <a class="button increaseQty " id="increaseQty_441942" href="#">+</a>
                </li>
            </ul>
        </div>				
            
        
            <input type="hidden" name="catEntryId" value="441943">
        

        <input type="hidden" name="productId" value="441942">
        

    <input type="hidden" name="URL" value="https://www.sainsburys.co.uk/webapp/wcs/stores/servlet/PromotionDisplayView?listId=2&amp;catalogId=10241&amp;productId=1117540&amp;langId=44&amp;storeId=10151&amp;promotionId=10669742">
    <input type="hidden" name="page" value="">
    <input type="hidden" name="contractId" value="">
    <input type="hidden" name="calculateOrder" value="1">
    <input type="hidden" name="calculationUsage" value="-1,-2,-3">
    <input type="hidden" name="updateable" value="1">
    <input type="hidden" name="merge" value="***">

                                  
            <input type="hidden" id="updateUrl_441942" updateurlchild_441943="AjaxOrderItemUpdate?calculateOrder=1&amp;itemType=&amp;ordItemUpdateFlag=0&amp;orderId=.&amp;updatePrices=1&amp;authToken=-1002%252C3jIiHU%252F3lFc4jalpGDAhYOztAdQ%253D&amp;calculationUsage=-1,-2,-3&amp;storeId=10151&amp;errorViewName=AjaxQuickCartDisplay&amp;URL=AjaxQuickCartDisplay&amp;catEntryId=441943&amp;orderItemId_0=&amp;UOM_0=&amp;langId=44&amp;quantity_0=1">
            <input type="hidden" id="removeUrl_441942" removeurlchild_441943="AjaxOrderItemUpdate?calculateOrder=1&amp;itemType=&amp;productId=&amp;ordItemUpdateFlag=2&amp;orderId=.&amp;updatePrices=1&amp;authToken=-1002%252C3jIiHU%252F3lFc4jalpGDAhYOztAdQ%253D&amp;calculationUsage=-1,-2,-3&amp;storeId=10151&amp;errorViewName=AjaxQuickCartDisplay&amp;URL=AjaxQuickCartDisplay&amp;catEntryId=441943&amp;productSKU=&amp;orderItemId_0=&amp;qtyDecremented=true&amp;langId=44&amp;quantity_0=0">           
         
       <input type="hidden" name="callAjax" value="false">
       
    
    <div class="add2Cart " id="addQtyPanelProduct_441942">    
        
            <a class="button process addQty  " id="addQty_441942" href="#">
                Add
            </a>

            <input type="hidden" name="Add" value="Add">
        
    </div>

</form>
<!-- END AddToTrolley.jsp -->
                                    </div>  
                                
                    </div><!-- END priceTabContainer Add container --><!-- Subscribe container --><!-- Start AddToSubscriptionList.jspf --><!-- Start AddToSubscriptionList.jsp --><!-- End AddToSubscriptionList.jsp --><!-- End AddToSubscriptionList.jspf --> 
                </div>  
            </div>  
        </div>
    </div>     
    </div> 
    <div id="additionalItems_441943" class="additionalItems">
        <!-- BEGIN MerchandisingAssociationsDisplay.jsp --><!-- Start - JSP File Name:  MerchandisingAssociationsDisplay.jsp --><!-- END MerchandisingAssociationsDisplay.jsp -->  
    </div> 

<!-- END CatalogEntryThumbnailDisplay.jsp -->
                            </li>
                        
                            <li>
                                
                                                <div class="trolleySummary"><p class="saving">
                                                         <!-- %@ include file="../../include/PromotionStrapline.jspf"% -->
                                                </p></div>
                                            
                                                <div class="trolleySummary"><p class="saving">
                                                         <!-- %@ include file="../../include/PromotionStrapline.jspf"% -->
                                                </p></div>
                                            
                                                <div class="trolleySummary"><p class="saving">
                                                         <!-- %@ include file="../../include/PromotionStrapline.jspf"% -->
                                                </p></div>
                                            <!-- BEGIN CatalogEntryThumbnailDisplay.jsp -->
    <div class="product ">
        
        <div class="errorBanner hidden" id="error966470"></div>
                        
        
        <div class="productInner">
            <div class="productInfoWrapper">
                <div class="productInfo">
                    
                            <h3>
                                <a href="https://www.sainsburys.co.uk/shop/gb/groceries/product/details/hula-hoops-big-hoops-bbq-potato-rings-50g">
                                    Big Hoops BBQ Beef Grab Bag Crisps 45g
                                    <img src="https://assets.sainsburys-groceries.co.uk/gol/7558451/image.jpg" alt="">
                                </a>
                            </h3>
                        
<div class="promotion">

                        <p>
                            <a strapline="Meal Deal for Â£5.00 | 7558451" href="https://www.sainsburys.co.uk/shop/PromotionDisplayView?listId=2&amp;catalogId=10241&amp;productId=966470&amp;langId=44&amp;storeId=10151&amp;promotionId=10664136"><!-- BEGIN include/PromotionStrapline.jspf -->Meal Deal for Â£5.00<br>

<!-- FINISH include/PromotionStrapline.jspf -->
                            </a>
                        </p>
                    
                        <p>
                            <a strapline="Meal Deal for Â£3.75 | 7558451" href="https://www.sainsburys.co.uk/shop/PromotionDisplayView?listId=2&amp;catalogId=10241&amp;productId=966470&amp;langId=44&amp;storeId=10151&amp;promotionId=10669742">PLUS <!-- BEGIN include/PromotionStrapline.jspf -->Meal Deal for Â£3.75<br>

<!-- FINISH include/PromotionStrapline.jspf -->
                            </a>
                        </p>
                                
</div>

                    <div class="ThumbnailRoundel">
                    <!--ThumbnailRoundel --> 
                    </div>
                    <div class="promoBages">
                        <!-- PROMOTION -->
                    </div>


                    <!-- Review --><!-- BEGIN CatalogEntryRatingsReviewsInfo.jspf --><!-- productAllowedRatingsAndReviews: true -->
<div class="reviews">

    <a class="numberOfReviews" href="https://www.sainsburys.co.uk/shop/gb/groceries/product/details/hula-hoops-big-hoops-bbq-potato-rings-50g">
        <img src="//www.sainsburys.co.uk/wcsstore7.137.2/SainsburysStorefrontAssetStore/img/stars/rating-4_9.gif" alt="4.8667" border="0">&nbsp; 
        Reviews (15)
    </a>

</div>
<!-- END CatalogEntryRatingsReviewsInfo.jspf -->
                </div>
                <!--ThumbnailRestriction -->
            </div>
            
            <div class="addToTrolleytabBox">
            <!-- addToTrolleytabBox LIST VIEW--><!-- Start UserSubscribedOrNot.jspf --><!-- Start UserSubscribedOrNot.jsp --><!-- 
    If the user is not logged in, render this opening 
    DIV adding an addtional class to fix the border top which is removed 
    and replaced by the tabs
-->
<div class="addToTrolleytabContainer addItemBorderTop">
<!-- End AddToSubscriptionList.jsp --><!-- End AddSubscriptionList.jspf --><!-- 
                    ATTENTION!!!
                    <div class="addToTrolleytabContainer">
                    This opening div is inside "../../ReusableObjects/UserSubscribedOrNot.jsp"
                    -->
                <div class="pricingAndTrolleyOptions">  
                    <div class="priceTab activeContainer priceTabContainer" id="addItem_966471"> 
                        <div class="pricing">
                            
<p class="pricePerUnit">
Â£1.10 
</p>

<p class="pricePerMeasure">Â£2.44<abbr title="per">/</abbr>100<abbr title="gram"><span class="pricePerMeasureMeasure">g</span></abbr>
</p>

                                
                        </div>  
                          
                                    <div class="addToTrolleyForm ">   
                                        <!-- BEGIN AddToTrolley.jsp --><!-- fire an on add to bag here from  -->

<form class="addToTrolleyForm" name="OrderItemAddForm_966470" action="OrderItemAdd" method="post" id="OrderItemAddForm_966470">
    <input type="hidden" name="storeId" value="10151">
    <input type="hidden" name="langId" value="44">
    <input type="hidden" name="catalogId" value="10241">
    <input type="hidden" name="authToken" id="authToken966470" value="-1002%2C3jIiHU%2F3lFc4jalpGDAhYOztAdQ%3D">
    
    
    <input type="hidden" name="errorViewName" value="PromotionDisplayView">
    <input type="hidden" name="SKU_ID" value="7558451">
    <input type="hidden" name="itemType" value="">
    <input type="hidden" name="parentSKU" value="">
    
    
       <input type="hidden" id="productCatentryId_966471" value="966470">
       <input type="hidden" id="catEntryId_966470" value="966471">
       <input type="hidden" name="ItemSKU_ID" value="7558451">
     
        
        <div class="quantity hidden" id="updateQtyPanelProduct_966470" data-qty="">
            <ul>
                <li>
                    <a class="button decreaseQty " id="decreaseQty_966470" href="#">-</a> 
                </li>
                <li>	
                    <label class="access" for="quantity_966470">Quantity</label>						
                    <a href="#" class="button quantityPlp  " id="quantityUpdate_966470">
                        </a>
                    <input name="quantity" id="quantity_966470" type="hidden" size="3" value="" class="quantity">		        
                </li>
                <li>
                    
                    <a class="button increaseQty " id="increaseQty_966470" href="#">+</a>
                </li>
            </ul>
        </div>				
            
        
            <input type="hidden" name="catEntryId" value="966471">
        

        <input type="hidden" name="productId" value="966470">
        

    <input type="hidden" name="URL" value="https://www.sainsburys.co.uk/webapp/wcs/stores/servlet/PromotionDisplayView?listId=2&amp;catalogId=10241&amp;productId=1117540&amp;langId=44&amp;storeId=10151&amp;promotionId=10669742">
    <input type="hidden" name="page" value="">
    <input type="hidden" name="contractId" value="">
    <input type="hidden" name="calculateOrder" value="1">
    <input type="hidden" name="calculationUsage" value="-1,-2,-3">
    <input type="hidden" name="updateable" value="1">
    <input type="hidden" name="merge" value="***">

                                  
            <input type="hidden" id="updateUrl_966470" updateurlchild_966471="AjaxOrderItemUpdate?calculateOrder=1&amp;itemType=&amp;ordItemUpdateFlag=0&amp;orderId=.&amp;updatePrices=1&amp;authToken=-1002%252C3jIiHU%252F3lFc4jalpGDAhYOztAdQ%253D&amp;calculationUsage=-1,-2,-3&amp;storeId=10151&amp;errorViewName=AjaxQuickCartDisplay&amp;URL=AjaxQuickCartDisplay&amp;catEntryId=966471&amp;orderItemId_0=&amp;UOM_0=&amp;langId=44&amp;quantity_0=1">
            <input type="hidden" id="removeUrl_966470" removeurlchild_966471="AjaxOrderItemUpdate?calculateOrder=1&amp;itemType=&amp;productId=&amp;ordItemUpdateFlag=2&amp;orderId=.&amp;updatePrices=1&amp;authToken=-1002%252C3jIiHU%252F3lFc4jalpGDAhYOztAdQ%253D&amp;calculationUsage=-1,-2,-3&amp;storeId=10151&amp;errorViewName=AjaxQuickCartDisplay&amp;URL=AjaxQuickCartDisplay&amp;catEntryId=966471&amp;productSKU=&amp;orderItemId_0=&amp;qtyDecremented=true&amp;langId=44&amp;quantity_0=0">           
         
       <input type="hidden" name="callAjax" value="false">
       
    
    <div class="add2Cart " id="addQtyPanelProduct_966470">    
        
            <a class="button process addQty  " id="addQty_966470" href="#">
                Add
            </a>

            <input type="hidden" name="Add" value="Add">
        
    </div>

</form>
<!-- END AddToTrolley.jsp -->
                                    </div>  
                                
                    </div><!-- END priceTabContainer Add container --><!-- Subscribe container --><!-- Start AddToSubscriptionList.jspf --><!-- Start AddToSubscriptionList.jsp --><!-- End AddToSubscriptionList.jsp --><!-- End AddToSubscriptionList.jspf --> 
                </div>  
            </div>  
        </div>
    </div>     
    </div> 
    <div id="additionalItems_966471" class="additionalItems">
        <!-- BEGIN MerchandisingAssociationsDisplay.jsp --><!-- Start - JSP File Name:  MerchandisingAssociationsDisplay.jsp --><!-- END MerchandisingAssociationsDisplay.jsp -->  
    </div> 

<!-- END CatalogEntryThumbnailDisplay.jsp -->
                            </li>
                        
                            <li>
                                
                                                <div class="trolleySummary"><p class="saving">
                                                         <!-- %@ include file="../../include/PromotionStrapline.jspf"% -->
                                                </p></div>
                                            
                                                <div class="trolleySummary"><p class="saving">
                                                         <!-- %@ include file="../../include/PromotionStrapline.jspf"% -->
                                                </p></div>
                                            
                                                <div class="trolleySummary"><p class="saving">
                                                         <!-- %@ include file="../../include/PromotionStrapline.jspf"% -->
                                                </p></div>
                                            <!-- BEGIN CatalogEntryThumbnailDisplay.jsp -->
    <div class="product ">
        
        <div class="errorBanner hidden" id="error1379748"></div>
                        
        
        <div class="productInner">
            <div class="productInfoWrapper">
                <div class="productInfo">
                    
                            <h3>
                                <a href="https://www.sainsburys.co.uk/shop/gb/groceries/product/details/batchelors-big-super-noodles-chicken-flavour-100g">
                                    Batchelors Big Super Noodles Pot Chicken Flavour 100g
                                    <img src="https://assets.sainsburys-groceries.co.uk/gol/8046901/image.jpg" alt="">
                                </a>
                            </h3>
                        
<div class="promotion">

                        <p>
                            <a strapline="Meal Deal for Â£5.00 | 8046901" href="https://www.sainsburys.co.uk/shop/PromotionDisplayView?listId=2&amp;catalogId=10241&amp;productId=1379748&amp;langId=44&amp;storeId=10151&amp;promotionId=10664136"><!-- BEGIN include/PromotionStrapline.jspf -->Meal Deal for Â£5.00<br>

<!-- FINISH include/PromotionStrapline.jspf -->
                            </a>
                        </p>
                    
                        <p>
                            <a strapline="Meal Deal for Â£3.75 | 8046901" href="https://www.sainsburys.co.uk/shop/PromotionDisplayView?listId=2&amp;catalogId=10241&amp;productId=1379748&amp;langId=44&amp;storeId=10151&amp;promotionId=10669742">PLUS <!-- BEGIN include/PromotionStrapline.jspf -->Meal Deal for Â£3.75<br>

<!-- FINISH include/PromotionStrapline.jspf -->
                            </a>
                        </p>
                                
</div>

                    <div class="ThumbnailRoundel">
                    <!--ThumbnailRoundel --> 
                    </div>
                    <div class="promoBages">
                        <!-- PROMOTION -->
                    </div>


                    <!-- Review --><!-- BEGIN CatalogEntryRatingsReviewsInfo.jspf --><!-- productAllowedRatingsAndReviews: true -->
<div class="reviews">

    <a class="numberOfReviews" href="https://www.sainsburys.co.uk/shop/gb/groceries/product/details/batchelors-big-super-noodles-chicken-flavour-100g">
        <img src="//www.sainsburys.co.uk/wcsstore7.137.2/SainsburysStorefrontAssetStore/img/stars/rating-3_5.gif" alt="3.5185" border="0">&nbsp; 
        Reviews (81)
    </a>

</div>
<!-- END CatalogEntryRatingsReviewsInfo.jspf -->
                </div>
                <!--ThumbnailRestriction -->
            </div>
            
            <div class="addToTrolleytabBox">
            <!-- addToTrolleytabBox LIST VIEW--><!-- Start UserSubscribedOrNot.jspf --><!-- Start UserSubscribedOrNot.jsp --><!-- 
    If the user is not logged in, render this opening 
    DIV adding an addtional class to fix the border top which is removed 
    and replaced by the tabs
-->
<div class="addToTrolleytabContainer addItemBorderTop">
<!-- End AddToSubscriptionList.jsp --><!-- End AddSubscriptionList.jspf --><!-- 
                    ATTENTION!!!
                    <div class="addToTrolleytabContainer">
                    This opening div is inside "../../ReusableObjects/UserSubscribedOrNot.jsp"
                    -->
                <div class="pricingAndTrolleyOptions">  
                    <div class="priceTab activeContainer priceTabContainer" id="addItem_1379749"> 
                        <div class="pricing">
                            
<p class="pricePerUnit">
Â£1.20 
</p>

<p class="pricePerMeasure">Â£12.00<abbr title="per">/</abbr><abbr title="kilogram"><span class="pricePerMeasureMeasure">kg</span></abbr>
</p>

                                
                        </div>  
                          
                                    <div class="addToTrolleyForm ">   
                                        <!-- BEGIN AddToTrolley.jsp --><!-- fire an on add to bag here from  -->

<form class="addToTrolleyForm" name="OrderItemAddForm_1379748" action="OrderItemAdd" method="post" id="OrderItemAddForm_1379748">
    <input type="hidden" name="storeId" value="10151">
    <input type="hidden" name="langId" value="44">
    <input type="hidden" name="catalogId" value="10241">
    <input type="hidden" name="authToken" id="authToken1379748" value="-1002%2C3jIiHU%2F3lFc4jalpGDAhYOztAdQ%3D">
    
    
    <input type="hidden" name="errorViewName" value="PromotionDisplayView">
    <input type="hidden" name="SKU_ID" value="8046901">
    <input type="hidden" name="itemType" value="">
    <input type="hidden" name="parentSKU" value="">
    
    
       <input type="hidden" id="productCatentryId_1379749" value="1379748">
       <input type="hidden" id="catEntryId_1379748" value="1379749">
       <input type="hidden" name="ItemSKU_ID" value="8046901">
     
        
        <div class="quantity hidden" id="updateQtyPanelProduct_1379748" data-qty="">
            <ul>
                <li>
                    <a class="button decreaseQty " id="decreaseQty_1379748" href="#">-</a> 
                </li>
                <li>	
                    <label class="access" for="quantity_1379748">Quantity</label>						
                    <a href="#" class="button quantityPlp  " id="quantityUpdate_1379748">
                        </a>
                    <input name="quantity" id="quantity_1379748" type="hidden" size="3" value="" class="quantity">		        
                </li>
                <li>
                    
                    <a class="button increaseQty " id="increaseQty_1379748" href="#">+</a>
                </li>
            </ul>
        </div>				
            
        
            <input type="hidden" name="catEntryId" value="1379749">
        

        <input type="hidden" name="productId" value="1379748">
        

    <input type="hidden" name="URL" value="https://www.sainsburys.co.uk/webapp/wcs/stores/servlet/PromotionDisplayView?listId=2&amp;catalogId=10241&amp;productId=1117540&amp;langId=44&amp;storeId=10151&amp;promotionId=10669742">
    <input type="hidden" name="page" value="">
    <input type="hidden" name="contractId" value="">
    <input type="hidden" name="calculateOrder" value="1">
    <input type="hidden" name="calculationUsage" value="-1,-2,-3">
    <input type="hidden" name="updateable" value="1">
    <input type="hidden" name="merge" value="***">

                                  
            <input type="hidden" id="updateUrl_1379748" updateurlchild_1379749="AjaxOrderItemUpdate?calculateOrder=1&amp;itemType=&amp;ordItemUpdateFlag=0&amp;orderId=.&amp;updatePrices=1&amp;authToken=-1002%252C3jIiHU%252F3lFc4jalpGDAhYOztAdQ%253D&amp;calculationUsage=-1,-2,-3&amp;storeId=10151&amp;errorViewName=AjaxQuickCartDisplay&amp;URL=AjaxQuickCartDisplay&amp;catEntryId=1379749&amp;orderItemId_0=&amp;UOM_0=&amp;langId=44&amp;quantity_0=1">
            <input type="hidden" id="removeUrl_1379748" removeurlchild_1379749="AjaxOrderItemUpdate?calculateOrder=1&amp;itemType=&amp;productId=&amp;ordItemUpdateFlag=2&amp;orderId=.&amp;updatePrices=1&amp;authToken=-1002%252C3jIiHU%252F3lFc4jalpGDAhYOztAdQ%253D&amp;calculationUsage=-1,-2,-3&amp;storeId=10151&amp;errorViewName=AjaxQuickCartDisplay&amp;URL=AjaxQuickCartDisplay&amp;catEntryId=1379749&amp;productSKU=&amp;orderItemId_0=&amp;qtyDecremented=true&amp;langId=44&amp;quantity_0=0">           
         
       <input type="hidden" name="callAjax" value="false">
       
    
    <div class="add2Cart " id="addQtyPanelProduct_1379748">    
        
            <a class="button process addQty  " id="addQty_1379748" href="#">
                Add
            </a>

            <input type="hidden" name="Add" value="Add">
        
    </div>

</form>
<!-- END AddToTrolley.jsp -->
                                    </div>  
                                
                    </div><!-- END priceTabContainer Add container --><!-- Subscribe container --><!-- Start AddToSubscriptionList.jspf --><!-- Start AddToSubscriptionList.jsp --><!-- End AddToSubscriptionList.jsp --><!-- End AddToSubscriptionList.jspf --> 
                </div>  
            </div>  
        </div>
    </div>     
    </div> 
    <div id="additionalItems_1379749" class="additionalItems">
        <!-- BEGIN MerchandisingAssociationsDisplay.jsp --><!-- Start - JSP File Name:  MerchandisingAssociationsDisplay.jsp --><!-- END MerchandisingAssociationsDisplay.jsp -->  
    </div> 

<!-- END CatalogEntryThumbnailDisplay.jsp -->
                            </li>
                        
                            <li>
                                
                                                <div class="trolleySummary"><p class="saving">
                                                         <!-- %@ include file="../../include/PromotionStrapline.jspf"% -->
                                                </p></div>
                                            
                                                <div class="trolleySummary"><p class="saving">
                                                         <!-- %@ include file="../../include/PromotionStrapline.jspf"% -->
                                                </p></div>
                                            
                                                <div class="trolleySummary"><p class="saving">
                                                         <!-- %@ include file="../../include/PromotionStrapline.jspf"% -->
                                                </p></div>
                                            <!-- BEGIN CatalogEntryThumbnailDisplay.jsp -->
    <div class="product ">
        
        <div class="errorBanner hidden" id="error38798"></div>
                        
        
        <div class="productInner">
            <div class="productInfoWrapper">
                <div class="productInfo">
                    
                            <h3>
                                <a href="https://www.sainsburys.co.uk/shop/gb/groceries/product/details/cadbury-crunchie-bar-40g">
                                    Cadbury Crunchie Chocolate Bar Single 40g
                                    <img src="https://assets.sainsburys-groceries.co.uk/gol/2517155/image.jpg" alt="">
                                </a>
                            </h3>
                        
<div class="promotion">

                        <p>
                            <a strapline="Meal Deal for Â£5.00 | 2517155" href="https://www.sainsburys.co.uk/shop/PromotionDisplayView?listId=2&amp;catalogId=10241&amp;productId=38798&amp;langId=44&amp;storeId=10151&amp;promotionId=10664136"><!-- BEGIN include/PromotionStrapline.jspf -->Meal Deal for Â£5.00<br>

<!-- FINISH include/PromotionStrapline.jspf -->
                            </a>
                        </p>
                    
                        <p>
                            <a strapline="Meal Deal for Â£3.75 | 2517155" href="https://www.sainsburys.co.uk/shop/PromotionDisplayView?listId=2&amp;catalogId=10241&amp;productId=38798&amp;langId=44&amp;storeId=10151&amp;promotionId=10669742">PLUS <!-- BEGIN include/PromotionStrapline.jspf -->Meal Deal for Â£3.75<br>

<!-- FINISH include/PromotionStrapline.jspf -->
                            </a>
                        </p>
                                
</div>

                    <div class="ThumbnailRoundel">
                    <!--ThumbnailRoundel --> 
                    </div>
                    <div class="promoBages">
                        <!-- PROMOTION -->
                    </div>


                    <!-- Review --><!-- BEGIN CatalogEntryRatingsReviewsInfo.jspf --><!-- productAllowedRatingsAndReviews: true -->
<div class="reviews">

    <a class="numberOfReviews" href="https://www.sainsburys.co.uk/shop/gb/groceries/product/details/cadbury-crunchie-bar-40g">
        <img src="//www.sainsburys.co.uk/wcsstore7.137.2/SainsburysStorefrontAssetStore/img/stars/rating-5_0.gif" alt="5.0" border="0">&nbsp; 
        Reviews (13)
    </a>

</div>
<!-- END CatalogEntryRatingsReviewsInfo.jspf -->
                </div>
                <!--ThumbnailRestriction -->
            </div>
            
            <div class="addToTrolleytabBox">
            <!-- addToTrolleytabBox LIST VIEW--><!-- Start UserSubscribedOrNot.jspf --><!-- Start UserSubscribedOrNot.jsp --><!-- 
    If the user is not logged in, render this opening 
    DIV adding an addtional class to fix the border top which is removed 
    and replaced by the tabs
-->
<div class="addToTrolleytabContainer addItemBorderTop">
<!-- End AddToSubscriptionList.jsp --><!-- End AddSubscriptionList.jspf --><!-- 
                    ATTENTION!!!
                    <div class="addToTrolleytabContainer">
                    This opening div is inside "../../ReusableObjects/UserSubscribedOrNot.jsp"
                    -->
                <div class="pricingAndTrolleyOptions">  
                    <div class="priceTab activeContainer priceTabContainer" id="addItem_38799"> 
                        <div class="pricing">
                            
<p class="pricePerUnit">
Â£1.05 
</p>

<p class="pricePerMeasure">Â£2.63<abbr title="per">/</abbr>100<abbr title="gram"><span class="pricePerMeasureMeasure">g</span></abbr>
</p>

                                
                        </div>  
                          
                                    <div class="addToTrolleyForm ">   
                                        <!-- BEGIN AddToTrolley.jsp --><!-- fire an on add to bag here from  -->

<form class="addToTrolleyForm" name="OrderItemAddForm_38798" action="OrderItemAdd" method="post" id="OrderItemAddForm_38798">
    <input type="hidden" name="storeId" value="10151">
    <input type="hidden" name="langId" value="44">
    <input type="hidden" name="catalogId" value="10241">
    <input type="hidden" name="authToken" id="authToken38798" value="-1002%2C3jIiHU%2F3lFc4jalpGDAhYOztAdQ%3D">
    
    
    <input type="hidden" name="errorViewName" value="PromotionDisplayView">
    <input type="hidden" name="SKU_ID" value="2517155">
    <input type="hidden" name="itemType" value="">
    <input type="hidden" name="parentSKU" value="">
    
    
       <input type="hidden" id="productCatentryId_38799" value="38798">
       <input type="hidden" id="catEntryId_38798" value="38799">
       <input type="hidden" name="ItemSKU_ID" value="2517155">
     
        
        <div class="quantity hidden" id="updateQtyPanelProduct_38798" data-qty="">
            <ul>
                <li>
                    <a class="button decreaseQty " id="decreaseQty_38798" href="#">-</a> 
                </li>
                <li>	
                    <label class="access" for="quantity_38798">Quantity</label>						
                    <a href="#" class="button quantityPlp  " id="quantityUpdate_38798">
                        </a>
                    <input name="quantity" id="quantity_38798" type="hidden" size="3" value="" class="quantity">		        
                </li>
                <li>
                    
                    <a class="button increaseQty " id="increaseQty_38798" href="#">+</a>
                </li>
            </ul>
        </div>				
            
        
            <input type="hidden" name="catEntryId" value="38799">
        

        <input type="hidden" name="productId" value="38798">
        

    <input type="hidden" name="URL" value="https://www.sainsburys.co.uk/webapp/wcs/stores/servlet/PromotionDisplayView?listId=2&amp;catalogId=10241&amp;productId=1117540&amp;langId=44&amp;storeId=10151&amp;promotionId=10669742">
    <input type="hidden" name="page" value="">
    <input type="hidden" name="contractId" value="">
    <input type="hidden" name="calculateOrder" value="1">
    <input type="hidden" name="calculationUsage" value="-1,-2,-3">
    <input type="hidden" name="updateable" value="1">
    <input type="hidden" name="merge" value="***">

                                  
            <input type="hidden" id="updateUrl_38798" updateurlchild_38799="AjaxOrderItemUpdate?calculateOrder=1&amp;itemType=&amp;ordItemUpdateFlag=0&amp;orderId=.&amp;updatePrices=1&amp;authToken=-1002%252C3jIiHU%252F3lFc4jalpGDAhYOztAdQ%253D&amp;calculationUsage=-1,-2,-3&amp;storeId=10151&amp;errorViewName=AjaxQuickCartDisplay&amp;URL=AjaxQuickCartDisplay&amp;catEntryId=38799&amp;orderItemId_0=&amp;UOM_0=&amp;langId=44&amp;quantity_0=1">
            <input type="hidden" id="removeUrl_38798" removeurlchild_38799="AjaxOrderItemUpdate?calculateOrder=1&amp;itemType=&amp;productId=&amp;ordItemUpdateFlag=2&amp;orderId=.&amp;updatePrices=1&amp;authToken=-1002%252C3jIiHU%252F3lFc4jalpGDAhYOztAdQ%253D&amp;calculationUsage=-1,-2,-3&amp;storeId=10151&amp;errorViewName=AjaxQuickCartDisplay&amp;URL=AjaxQuickCartDisplay&amp;catEntryId=38799&amp;productSKU=&amp;orderItemId_0=&amp;qtyDecremented=true&amp;langId=44&amp;quantity_0=0">           
         
       <input type="hidden" name="callAjax" value="false">
       
    
    <div class="add2Cart " id="addQtyPanelProduct_38798">    
        
            <a class="button process addQty  " id="addQty_38798" href="#">
                Add
            </a>

            <input type="hidden" name="Add" value="Add">
        
    </div>

</form>
<!-- END AddToTrolley.jsp -->
                                    </div>  
                                
                    </div><!-- END priceTabContainer Add container --><!-- Subscribe container --><!-- Start AddToSubscriptionList.jspf --><!-- Start AddToSubscriptionList.jsp --><!-- End AddToSubscriptionList.jsp --><!-- End AddToSubscriptionList.jspf --> 
                </div>  
            </div>  
        </div>
    </div>     
    </div> 
    <div id="additionalItems_38799" class="additionalItems">
        <!-- BEGIN MerchandisingAssociationsDisplay.jsp --><!-- Start - JSP File Name:  MerchandisingAssociationsDisplay.jsp --><!-- END MerchandisingAssociationsDisplay.jsp -->  
    </div> 

<!-- END CatalogEntryThumbnailDisplay.jsp -->
                            </li>
                        
                            <li>
                                
                                                <div class="trolleySummary"><p class="saving">
                                                         <!-- %@ include file="../../include/PromotionStrapline.jspf"% -->
                                                </p></div>
                                            
                                                <div class="trolleySummary"><p class="saving">
                                                         <!-- %@ include file="../../include/PromotionStrapline.jspf"% -->
                                                </p></div>
                                            
                                                <div class="trolleySummary"><p class="saving">
                                                         <!-- %@ include file="../../include/PromotionStrapline.jspf"% -->
                                                </p></div>
                                            <!-- BEGIN CatalogEntryThumbnailDisplay.jsp -->
    <div class="product ">
        
        <div class="errorBanner hidden" id="error894008"></div>
                        
        
        <div class="productInner">
            <div class="productInfoWrapper">
                <div class="productInfo">
                    
                            <h3>
                                <a href="https://www.sainsburys.co.uk/shop/gb/groceries/product/details/pringles-original-40g">
                                    Pringles Original Crisps Can 40g
                                    <img src="https://assets.sainsburys-groceries.co.uk/gol/7754226/image.jpg" alt="">
                                </a>
                            </h3>
                        
<div class="promotion">

                        <p>
                            <a strapline="Meal Deal for Â£5.00 | 7754226" href="https://www.sainsburys.co.uk/shop/PromotionDisplayView?listId=2&amp;catalogId=10241&amp;productId=894008&amp;langId=44&amp;storeId=10151&amp;promotionId=10664136"><!-- BEGIN include/PromotionStrapline.jspf -->Meal Deal for Â£5.00<br>

<!-- FINISH include/PromotionStrapline.jspf -->
                            </a>
                        </p>
                    
                        <p>
                            <a strapline="Meal Deal for Â£3.75 | 7754226" href="https://www.sainsburys.co.uk/shop/PromotionDisplayView?listId=2&amp;catalogId=10241&amp;productId=894008&amp;langId=44&amp;storeId=10151&amp;promotionId=10669742">PLUS <!-- BEGIN include/PromotionStrapline.jspf -->Meal Deal for Â£3.75<br>

<!-- FINISH include/PromotionStrapline.jspf -->
                            </a>
                        </p>
                                
</div>

                    <div class="ThumbnailRoundel">
                    <!--ThumbnailRoundel --> 
                    </div>
                    <div class="promoBages">
                        <!-- PROMOTION -->
                    </div>


                    <!-- Review --><!-- BEGIN CatalogEntryRatingsReviewsInfo.jspf --><!-- productAllowedRatingsAndReviews: true -->
<div class="reviews">

    <a class="numberOfReviews" href="https://www.sainsburys.co.uk/shop/gb/groceries/product/details/pringles-original-40g">
        <img src="//www.sainsburys.co.uk/wcsstore7.137.2/SainsburysStorefrontAssetStore/img/stars/rating-3_9.gif" alt="3.9062" border="0">&nbsp; 
        Reviews (32)
    </a>

</div>
<!-- END CatalogEntryRatingsReviewsInfo.jspf -->
                </div>
                <!--ThumbnailRestriction -->
            </div>
            
            <div class="addToTrolleytabBox">
            <!-- addToTrolleytabBox LIST VIEW--><!-- Start UserSubscribedOrNot.jspf --><!-- Start UserSubscribedOrNot.jsp --><!-- 
    If the user is not logged in, render this opening 
    DIV adding an addtional class to fix the border top which is removed 
    and replaced by the tabs
-->
<div class="addToTrolleytabContainer addItemBorderTop">
<!-- End AddToSubscriptionList.jsp --><!-- End AddSubscriptionList.jspf --><!-- 
                    ATTENTION!!!
                    <div class="addToTrolleytabContainer">
                    This opening div is inside "../../ReusableObjects/UserSubscribedOrNot.jsp"
                    -->
                <div class="pricingAndTrolleyOptions">  
                    <div class="priceTab activeContainer priceTabContainer" id="addItem_894009"> 
                        <div class="pricing">
                            
<p class="pricePerUnit">
Â£1.05 
</p>

<p class="pricePerMeasure">Â£2.63<abbr title="per">/</abbr>100<abbr title="gram"><span class="pricePerMeasureMeasure">g</span></abbr>
</p>

                                
                        </div>  
                          
                                    <div class="addToTrolleyForm ">   
                                        <!-- BEGIN AddToTrolley.jsp --><!-- fire an on add to bag here from  -->

<form class="addToTrolleyForm" name="OrderItemAddForm_894008" action="OrderItemAdd" method="post" id="OrderItemAddForm_894008">
    <input type="hidden" name="storeId" value="10151">
    <input type="hidden" name="langId" value="44">
    <input type="hidden" name="catalogId" value="10241">
    <input type="hidden" name="authToken" id="authToken894008" value="-1002%2C3jIiHU%2F3lFc4jalpGDAhYOztAdQ%3D">
    
    
    <input type="hidden" name="errorViewName" value="PromotionDisplayView">
    <input type="hidden" name="SKU_ID" value="7754226">
    <input type="hidden" name="itemType" value="">
    <input type="hidden" name="parentSKU" value="">
    
    
       <input type="hidden" id="productCatentryId_894009" value="894008">
       <input type="hidden" id="catEntryId_894008" value="894009">
       <input type="hidden" name="ItemSKU_ID" value="7754226">
     
        
        <div class="quantity hidden" id="updateQtyPanelProduct_894008" data-qty="">
            <ul>
                <li>
                    <a class="button decreaseQty " id="decreaseQty_894008" href="#">-</a> 
                </li>
                <li>	
                    <label class="access" for="quantity_894008">Quantity</label>						
                    <a href="#" class="button quantityPlp  " id="quantityUpdate_894008">
                        </a>
                    <input name="quantity" id="quantity_894008" type="hidden" size="3" value="" class="quantity">		        
                </li>
                <li>
                    
                    <a class="button increaseQty " id="increaseQty_894008" href="#">+</a>
                </li>
            </ul>
        </div>				
            
        
            <input type="hidden" name="catEntryId" value="894009">
        

        <input type="hidden" name="productId" value="894008">
        

    <input type="hidden" name="URL" value="https://www.sainsburys.co.uk/webapp/wcs/stores/servlet/PromotionDisplayView?listId=2&amp;catalogId=10241&amp;productId=1117540&amp;langId=44&amp;storeId=10151&amp;promotionId=10669742">
    <input type="hidden" name="page" value="">
    <input type="hidden" name="contractId" value="">
    <input type="hidden" name="calculateOrder" value="1">
    <input type="hidden" name="calculationUsage" value="-1,-2,-3">
    <input type="hidden" name="updateable" value="1">
    <input type="hidden" name="merge" value="***">

                                  
            <input type="hidden" id="updateUrl_894008" updateurlchild_894009="AjaxOrderItemUpdate?calculateOrder=1&amp;itemType=&amp;ordItemUpdateFlag=0&amp;orderId=.&amp;updatePrices=1&amp;authToken=-1002%252C3jIiHU%252F3lFc4jalpGDAhYOztAdQ%253D&amp;calculationUsage=-1,-2,-3&amp;storeId=10151&amp;errorViewName=AjaxQuickCartDisplay&amp;URL=AjaxQuickCartDisplay&amp;catEntryId=894009&amp;orderItemId_0=&amp;UOM_0=&amp;langId=44&amp;quantity_0=1">
            <input type="hidden" id="removeUrl_894008" removeurlchild_894009="AjaxOrderItemUpdate?calculateOrder=1&amp;itemType=&amp;productId=&amp;ordItemUpdateFlag=2&amp;orderId=.&amp;updatePrices=1&amp;authToken=-1002%252C3jIiHU%252F3lFc4jalpGDAhYOztAdQ%253D&amp;calculationUsage=-1,-2,-3&amp;storeId=10151&amp;errorViewName=AjaxQuickCartDisplay&amp;URL=AjaxQuickCartDisplay&amp;catEntryId=894009&amp;productSKU=&amp;orderItemId_0=&amp;qtyDecremented=true&amp;langId=44&amp;quantity_0=0">           
         
       <input type="hidden" name="callAjax" value="false">
       
    
    <div class="add2Cart " id="addQtyPanelProduct_894008">    
        
            <a class="button process addQty  " id="addQty_894008" href="#">
                Add
            </a>

            <input type="hidden" name="Add" value="Add">
        
    </div>

</form>
<!-- END AddToTrolley.jsp -->
                                    </div>  
                                
                    </div><!-- END priceTabContainer Add container --><!-- Subscribe container --><!-- Start AddToSubscriptionList.jspf --><!-- Start AddToSubscriptionList.jsp --><!-- End AddToSubscriptionList.jsp --><!-- End AddToSubscriptionList.jspf --> 
                </div>  
            </div>  
        </div>
    </div>     
    </div> 
    <div id="additionalItems_894009" class="additionalItems">
        <!-- BEGIN MerchandisingAssociationsDisplay.jsp --><!-- Start - JSP File Name:  MerchandisingAssociationsDisplay.jsp --><!-- END MerchandisingAssociationsDisplay.jsp -->  
    </div> 

<!-- END CatalogEntryThumbnailDisplay.jsp -->
                            </li>
                        
                            <li>
                                
                                                <div class="trolleySummary"><p class="saving">
                                                         <!-- %@ include file="../../include/PromotionStrapline.jspf"% -->
                                                </p></div>
                                            
                                                <div class="trolleySummary"><p class="saving">
                                                         <!-- %@ include file="../../include/PromotionStrapline.jspf"% -->
                                                </p></div>
                                            
                                                <div class="trolleySummary"><p class="saving">
                                                         <!-- %@ include file="../../include/PromotionStrapline.jspf"% -->
                                                </p></div>
                                            <!-- BEGIN CatalogEntryThumbnailDisplay.jsp -->
    <div class="product ">
        
        <div class="errorBanner hidden" id="error1019634"></div>
                        
        
        <div class="productInner">
            <div class="productInfoWrapper">
                <div class="productInfo">
                    
                            <h3>
                                <a href="https://www.sainsburys.co.uk/shop/gb/groceries/product/details/kind-nuts---spices-dark-chocolate-nuts---sea-salt-bar-40g">
                                    KIND Dark Chocolate Nuts &amp; Sea Salt Snack Bar 40g
                                    <img src="https://assets.sainsburys-groceries.co.uk/gol/7796185/image.jpg" alt="">
                                </a>
                            </h3>
                        
<div class="promotion">

                        <p>
                            <a strapline="Meal Deal for Â£5.00 | 7796185" href="https://www.sainsburys.co.uk/shop/PromotionDisplayView?listId=2&amp;catalogId=10241&amp;productId=1019634&amp;langId=44&amp;storeId=10151&amp;promotionId=10664136"><!-- BEGIN include/PromotionStrapline.jspf -->Meal Deal for Â£5.00<br>

<!-- FINISH include/PromotionStrapline.jspf -->
                            </a>
                        </p>
                    
                        <p>
                            <a strapline="Meal Deal for Â£3.75 | 7796185" href="https://www.sainsburys.co.uk/shop/PromotionDisplayView?listId=2&amp;catalogId=10241&amp;productId=1019634&amp;langId=44&amp;storeId=10151&amp;promotionId=10669742">PLUS <!-- BEGIN include/PromotionStrapline.jspf -->Meal Deal for Â£3.75<br>

<!-- FINISH include/PromotionStrapline.jspf -->
                            </a>
                        </p>
                                
</div>

                    <div class="ThumbnailRoundel">
                    <!--ThumbnailRoundel --> 
                    </div>
                    <div class="promoBages">
                        <!-- PROMOTION -->
                    </div>


                    <!-- Review --><!-- BEGIN CatalogEntryRatingsReviewsInfo.jspf --><!-- productAllowedRatingsAndReviews: true -->
<div class="reviews">

    <a class="numberOfReviews" href="https://www.sainsburys.co.uk/shop/gb/groceries/product/details/kind-nuts---spices-dark-chocolate-nuts---sea-salt-bar-40g">
        <img src="//www.sainsburys.co.uk/wcsstore7.137.2/SainsburysStorefrontAssetStore/img/stars/rating-4_9.gif" alt="4.881" border="0">&nbsp; 
        Reviews (42)
    </a>

</div>
<!-- END CatalogEntryRatingsReviewsInfo.jspf -->
                </div>
                <!--ThumbnailRestriction -->
            </div>
            
            <div class="addToTrolleytabBox">
            <!-- addToTrolleytabBox LIST VIEW--><!-- Start UserSubscribedOrNot.jspf --><!-- Start UserSubscribedOrNot.jsp --><!-- 
    If the user is not logged in, render this opening 
    DIV adding an addtional class to fix the border top which is removed 
    and replaced by the tabs
-->
<div class="addToTrolleytabContainer addItemBorderTop">
<!-- End AddToSubscriptionList.jsp --><!-- End AddSubscriptionList.jspf --><!-- 
                    ATTENTION!!!
                    <div class="addToTrolleytabContainer">
                    This opening div is inside "../../ReusableObjects/UserSubscribedOrNot.jsp"
                    -->
                <div class="pricingAndTrolleyOptions">  
                    <div class="priceTab activeContainer priceTabContainer" id="addItem_1019635"> 
                        <div class="pricing">
                            
<p class="pricePerUnit">
Â£1.40 
</p>

<p class="pricePerMeasure">Â£3.50<abbr title="per">/</abbr>100<abbr title="gram"><span class="pricePerMeasureMeasure">g</span></abbr>
</p>

                                
                        </div>  
                          
                                    <div class="addToTrolleyForm ">   
                                        <!-- BEGIN AddToTrolley.jsp --><!-- fire an on add to bag here from  -->

<form class="addToTrolleyForm" name="OrderItemAddForm_1019634" action="OrderItemAdd" method="post" id="OrderItemAddForm_1019634">
    <input type="hidden" name="storeId" value="10151">
    <input type="hidden" name="langId" value="44">
    <input type="hidden" name="catalogId" value="10241">
    <input type="hidden" name="authToken" id="authToken1019634" value="-1002%2C3jIiHU%2F3lFc4jalpGDAhYOztAdQ%3D">
    
    
    <input type="hidden" name="errorViewName" value="PromotionDisplayView">
    <input type="hidden" name="SKU_ID" value="7796185">
    <input type="hidden" name="itemType" value="">
    <input type="hidden" name="parentSKU" value="">
    
    
       <input type="hidden" id="productCatentryId_1019635" value="1019634">
       <input type="hidden" id="catEntryId_1019634" value="1019635">
       <input type="hidden" name="ItemSKU_ID" value="7796185">
     
        
        <div class="quantity hidden" id="updateQtyPanelProduct_1019634" data-qty="">
            <ul>
                <li>
                    <a class="button decreaseQty " id="decreaseQty_1019634" href="#">-</a> 
                </li>
                <li>	
                    <label class="access" for="quantity_1019634">Quantity</label>						
                    <a href="#" class="button quantityPlp  " id="quantityUpdate_1019634">
                        </a>
                    <input name="quantity" id="quantity_1019634" type="hidden" size="3" value="" class="quantity">		        
                </li>
                <li>
                    
                    <a class="button increaseQty " id="increaseQty_1019634" href="#">+</a>
                </li>
            </ul>
        </div>				
            
        
            <input type="hidden" name="catEntryId" value="1019635">
        

        <input type="hidden" name="productId" value="1019634">
        

    <input type="hidden" name="URL" value="https://www.sainsburys.co.uk/webapp/wcs/stores/servlet/PromotionDisplayView?listId=2&amp;catalogId=10241&amp;productId=1117540&amp;langId=44&amp;storeId=10151&amp;promotionId=10669742">
    <input type="hidden" name="page" value="">
    <input type="hidden" name="contractId" value="">
    <input type="hidden" name="calculateOrder" value="1">
    <input type="hidden" name="calculationUsage" value="-1,-2,-3">
    <input type="hidden" name="updateable" value="1">
    <input type="hidden" name="merge" value="***">

                                  
            <input type="hidden" id="updateUrl_1019634" updateurlchild_1019635="AjaxOrderItemUpdate?calculateOrder=1&amp;itemType=&amp;ordItemUpdateFlag=0&amp;orderId=.&amp;updatePrices=1&amp;authToken=-1002%252C3jIiHU%252F3lFc4jalpGDAhYOztAdQ%253D&amp;calculationUsage=-1,-2,-3&amp;storeId=10151&amp;errorViewName=AjaxQuickCartDisplay&amp;URL=AjaxQuickCartDisplay&amp;catEntryId=1019635&amp;orderItemId_0=&amp;UOM_0=&amp;langId=44&amp;quantity_0=1">
            <input type="hidden" id="removeUrl_1019634" removeurlchild_1019635="AjaxOrderItemUpdate?calculateOrder=1&amp;itemType=&amp;productId=&amp;ordItemUpdateFlag=2&amp;orderId=.&amp;updatePrices=1&amp;authToken=-1002%252C3jIiHU%252F3lFc4jalpGDAhYOztAdQ%253D&amp;calculationUsage=-1,-2,-3&amp;storeId=10151&amp;errorViewName=AjaxQuickCartDisplay&amp;URL=AjaxQuickCartDisplay&amp;catEntryId=1019635&amp;productSKU=&amp;orderItemId_0=&amp;qtyDecremented=true&amp;langId=44&amp;quantity_0=0">           
         
       <input type="hidden" name="callAjax" value="false">
       
    
    <div class="add2Cart " id="addQtyPanelProduct_1019634">    
        
            <a class="button process addQty  " id="addQty_1019634" href="#">
                Add
            </a>

            <input type="hidden" name="Add" value="Add">
        
    </div>

</form>
<!-- END AddToTrolley.jsp -->
                                    </div>  
                                
                    </div><!-- END priceTabContainer Add container --><!-- Subscribe container --><!-- Start AddToSubscriptionList.jspf --><!-- Start AddToSubscriptionList.jsp --><!-- End AddToSubscriptionList.jsp --><!-- End AddToSubscriptionList.jspf --> 
                </div>  
            </div>  
        </div>
    </div>     
    </div> 
    <div id="additionalItems_1019635" class="additionalItems">
        <!-- BEGIN MerchandisingAssociationsDisplay.jsp --><!-- Start - JSP File Name:  MerchandisingAssociationsDisplay.jsp --><!-- END MerchandisingAssociationsDisplay.jsp -->  
    </div> 

<!-- END CatalogEntryThumbnailDisplay.jsp -->
                            </li>
                        
                            <li>
                                
                                                <div class="trolleySummary"><p class="saving">
                                                         <!-- %@ include file="../../include/PromotionStrapline.jspf"% -->
                                                </p></div>
                                            
                                                <div class="trolleySummary"><p class="saving">
                                                         <!-- %@ include file="../../include/PromotionStrapline.jspf"% -->
                                                </p></div>
                                            
                                                <div class="trolleySummary"><p class="saving">
                                                         <!-- %@ include file="../../include/PromotionStrapline.jspf"% -->
                                                </p></div>
                                            <!-- BEGIN CatalogEntryThumbnailDisplay.jsp -->
    <div class="product ">
        
        <div class="errorBanner hidden" id="error35866"></div>
                        
        
        <div class="productInner">
            <div class="productInfoWrapper">
                <div class="productInfo">
                    
                            <h3>
                                <a href="https://www.sainsburys.co.uk/shop/gb/groceries/product/details/sainsburys-pistachio-nuts-35g">
                                    Sainsbury's Pistachio Nuts 35g
                                    <img src="https://assets.sainsburys-groceries.co.uk/gol/7618479/image.jpg" alt="">
                                </a>
                            </h3>
                        
<div class="promotion">

                        <p>
                            <a strapline="Meal Deal for Â£5.00 | 7618479" href="https://www.sainsburys.co.uk/shop/PromotionDisplayView?listId=2&amp;catalogId=10241&amp;productId=35866&amp;langId=44&amp;storeId=10151&amp;promotionId=10664136"><!-- BEGIN include/PromotionStrapline.jspf -->Meal Deal for Â£5.00<br>

<!-- FINISH include/PromotionStrapline.jspf -->
                            </a>
                        </p>
                    
                        <p>
                            <a strapline="Meal Deal for Â£3.75 | 7618479" href="https://www.sainsburys.co.uk/shop/PromotionDisplayView?listId=2&amp;catalogId=10241&amp;productId=35866&amp;langId=44&amp;storeId=10151&amp;promotionId=10669742">PLUS <!-- BEGIN include/PromotionStrapline.jspf -->Meal Deal for Â£3.75<br>

<!-- FINISH include/PromotionStrapline.jspf -->
                            </a>
                        </p>
                                
</div>

                    <div class="ThumbnailRoundel">
                    <!--ThumbnailRoundel --> 
                    </div>
                    <div class="promoBages">
                        <!-- PROMOTION -->
                    </div>


                    <!-- Review --><!-- BEGIN CatalogEntryRatingsReviewsInfo.jspf --><!-- productAllowedRatingsAndReviews: true -->
<div class="reviews">

    <a class="numberOfReviews" href="https://www.sainsburys.co.uk/shop/gb/groceries/product/details/sainsburys-pistachio-nuts-35g">
        <img src="//www.sainsburys.co.uk/wcsstore7.137.2/SainsburysStorefrontAssetStore/img/stars/rating-4_2.gif" alt="4.2093" border="0">&nbsp; 
        Reviews (43)
    </a>

</div>
<!-- END CatalogEntryRatingsReviewsInfo.jspf -->
                </div>
                <!--ThumbnailRestriction -->
            </div>
            
            <div class="addToTrolleytabBox">
            <!-- addToTrolleytabBox LIST VIEW--><!-- Start UserSubscribedOrNot.jspf --><!-- Start UserSubscribedOrNot.jsp --><!-- 
    If the user is not logged in, render this opening 
    DIV adding an addtional class to fix the border top which is removed 
    and replaced by the tabs
-->
<div class="addToTrolleytabContainer addItemBorderTop">
<!-- End AddToSubscriptionList.jsp --><!-- End AddSubscriptionList.jspf --><!-- 
                    ATTENTION!!!
                    <div class="addToTrolleytabContainer">
                    This opening div is inside "../../ReusableObjects/UserSubscribedOrNot.jsp"
                    -->
                <div class="pricingAndTrolleyOptions">  
                    <div class="priceTab activeContainer priceTabContainer" id="addItem_35867"> 
                        <div class="pricing">
                            
<p class="pricePerUnit">
90p 
</p>

<p class="pricePerMeasure">Â£2.57<abbr title="per">/</abbr>100<abbr title="gram"><span class="pricePerMeasureMeasure">g</span></abbr>
</p>

                                
                        </div>  
                          
                                    <div class="addToTrolleyForm ">   
                                        <!-- BEGIN AddToTrolley.jsp --><!-- fire an on add to bag here from  -->

<form class="addToTrolleyForm" name="OrderItemAddForm_35866" action="OrderItemAdd" method="post" id="OrderItemAddForm_35866">
    <input type="hidden" name="storeId" value="10151">
    <input type="hidden" name="langId" value="44">
    <input type="hidden" name="catalogId" value="10241">
    <input type="hidden" name="authToken" id="authToken35866" value="-1002%2C3jIiHU%2F3lFc4jalpGDAhYOztAdQ%3D">
    
    
    <input type="hidden" name="errorViewName" value="PromotionDisplayView">
    <input type="hidden" name="SKU_ID" value="7618479">
    <input type="hidden" name="itemType" value="">
    <input type="hidden" name="parentSKU" value="">
    
    
       <input type="hidden" id="productCatentryId_35867" value="35866">
       <input type="hidden" id="catEntryId_35866" value="35867">
       <input type="hidden" name="ItemSKU_ID" value="7618479">
     
        
        <div class="quantity hidden" id="updateQtyPanelProduct_35866" data-qty="">
            <ul>
                <li>
                    <a class="button decreaseQty " id="decreaseQty_35866" href="#">-</a> 
                </li>
                <li>	
                    <label class="access" for="quantity_35866">Quantity</label>						
                    <a href="#" class="button quantityPlp  " id="quantityUpdate_35866">
                        </a>
                    <input name="quantity" id="quantity_35866" type="hidden" size="3" value="" class="quantity">		        
                </li>
                <li>
                    
                    <a class="button increaseQty " id="increaseQty_35866" href="#">+</a>
                </li>
            </ul>
        </div>				
            
        
            <input type="hidden" name="catEntryId" value="35867">
        

        <input type="hidden" name="productId" value="35866">
        

    <input type="hidden" name="URL" value="https://www.sainsburys.co.uk/webapp/wcs/stores/servlet/PromotionDisplayView?listId=2&amp;catalogId=10241&amp;productId=1117540&amp;langId=44&amp;storeId=10151&amp;promotionId=10669742">
    <input type="hidden" name="page" value="">
    <input type="hidden" name="contractId" value="">
    <input type="hidden" name="calculateOrder" value="1">
    <input type="hidden" name="calculationUsage" value="-1,-2,-3">
    <input type="hidden" name="updateable" value="1">
    <input type="hidden" name="merge" value="***">

                                  
            <input type="hidden" id="updateUrl_35866" updateurlchild_35867="AjaxOrderItemUpdate?calculateOrder=1&amp;itemType=&amp;ordItemUpdateFlag=0&amp;orderId=.&amp;updatePrices=1&amp;authToken=-1002%252C3jIiHU%252F3lFc4jalpGDAhYOztAdQ%253D&amp;calculationUsage=-1,-2,-3&amp;storeId=10151&amp;errorViewName=AjaxQuickCartDisplay&amp;URL=AjaxQuickCartDisplay&amp;catEntryId=35867&amp;orderItemId_0=&amp;UOM_0=&amp;langId=44&amp;quantity_0=1">
            <input type="hidden" id="removeUrl_35866" removeurlchild_35867="AjaxOrderItemUpdate?calculateOrder=1&amp;itemType=&amp;productId=&amp;ordItemUpdateFlag=2&amp;orderId=.&amp;updatePrices=1&amp;authToken=-1002%252C3jIiHU%252F3lFc4jalpGDAhYOztAdQ%253D&amp;calculationUsage=-1,-2,-3&amp;storeId=10151&amp;errorViewName=AjaxQuickCartDisplay&amp;URL=AjaxQuickCartDisplay&amp;catEntryId=35867&amp;productSKU=&amp;orderItemId_0=&amp;qtyDecremented=true&amp;langId=44&amp;quantity_0=0">           
         
       <input type="hidden" name="callAjax" value="false">
       
    
    <div class="add2Cart " id="addQtyPanelProduct_35866">    
        
            <a class="button process addQty  " id="addQty_35866" href="#">
                Add
            </a>

            <input type="hidden" name="Add" value="Add">
        
    </div>

</form>
<!-- END AddToTrolley.jsp -->
                                    </div>  
                                
                    </div><!-- END priceTabContainer Add container --><!-- Subscribe container --><!-- Start AddToSubscriptionList.jspf --><!-- Start AddToSubscriptionList.jsp --><!-- End AddToSubscriptionList.jsp --><!-- End AddToSubscriptionList.jspf --> 
                </div>  
            </div>  
        </div>
    </div>     
    </div> 
    <div id="additionalItems_35867" class="additionalItems">
        <!-- BEGIN MerchandisingAssociationsDisplay.jsp --><!-- Start - JSP File Name:  MerchandisingAssociationsDisplay.jsp --><!-- END MerchandisingAssociationsDisplay.jsp -->  
    </div> 

<!-- END CatalogEntryThumbnailDisplay.jsp -->
                            </li>
                        
                            <li>
                                
                                                <div class="trolleySummary"><p class="saving">
                                                         <!-- %@ include file="../../include/PromotionStrapline.jspf"% -->
                                                </p></div>
                                            
                                                <div class="trolleySummary"><p class="saving">
                                                         <!-- %@ include file="../../include/PromotionStrapline.jspf"% -->
                                                </p></div>
                                            
                                                <div class="trolleySummary"><p class="saving">
                                                         <!-- %@ include file="../../include/PromotionStrapline.jspf"% -->
                                                </p></div>
                                            <!-- BEGIN CatalogEntryThumbnailDisplay.jsp -->
    <div class="product ">
        
        <div class="errorBanner hidden" id="error433986"></div>
                        
        
        <div class="productInner">
            <div class="productInfoWrapper">
                <div class="productInfo">
                    
                            <h3>
                                <a href="https://www.sainsburys.co.uk/shop/gb/groceries/product/details/lindt-lindor-treat-bar-38g">
                                    Lindt Lindor Treat Bar 38g
                                    <img src="https://assets.sainsburys-groceries.co.uk/gol/7644216/image.jpg" alt="">
                                </a>
                            </h3>
                        
<div class="promotion">

                        <p>
                            <a strapline="Meal Deal for Â£5.00 | 7644216" href="https://www.sainsburys.co.uk/shop/PromotionDisplayView?listId=2&amp;catalogId=10241&amp;productId=433986&amp;langId=44&amp;storeId=10151&amp;promotionId=10664136"><!-- BEGIN include/PromotionStrapline.jspf -->Meal Deal for Â£5.00<br>

<!-- FINISH include/PromotionStrapline.jspf -->
                            </a>
                        </p>
                    
                        <p>
                            <a strapline="Meal Deal for Â£3.75 | 7644216" href="https://www.sainsburys.co.uk/shop/PromotionDisplayView?listId=2&amp;catalogId=10241&amp;productId=433986&amp;langId=44&amp;storeId=10151&amp;promotionId=10669742">PLUS <!-- BEGIN include/PromotionStrapline.jspf -->Meal Deal for Â£3.75<br>

<!-- FINISH include/PromotionStrapline.jspf -->
                            </a>
                        </p>
                                
</div>

                    <div class="ThumbnailRoundel">
                    <!--ThumbnailRoundel --> 
                    </div>
                    <div class="promoBages">
                        <!-- PROMOTION -->
                    </div>


                    <!-- Review --><!-- BEGIN CatalogEntryRatingsReviewsInfo.jspf --><!-- productAllowedRatingsAndReviews: true -->
<div class="reviews">

    <a class="numberOfReviews" href="https://www.sainsburys.co.uk/shop/gb/groceries/product/details/lindt-lindor-treat-bar-38g">
        <img src="//www.sainsburys.co.uk/wcsstore7.137.2/SainsburysStorefrontAssetStore/img/stars/rating-4_8.gif" alt="4.8226" border="0">&nbsp; 
        Reviews (62)
    </a>

</div>
<!-- END CatalogEntryRatingsReviewsInfo.jspf -->
                </div>
                <!--ThumbnailRestriction -->
            </div>
            
            <div class="addToTrolleytabBox">
            <!-- addToTrolleytabBox LIST VIEW--><!-- Start UserSubscribedOrNot.jspf --><!-- Start UserSubscribedOrNot.jsp --><!-- 
    If the user is not logged in, render this opening 
    DIV adding an addtional class to fix the border top which is removed 
    and replaced by the tabs
-->
<div class="addToTrolleytabContainer addItemBorderTop">
<!-- End AddToSubscriptionList.jsp --><!-- End AddSubscriptionList.jspf --><!-- 
                    ATTENTION!!!
                    <div class="addToTrolleytabContainer">
                    This opening div is inside "../../ReusableObjects/UserSubscribedOrNot.jsp"
                    -->
                <div class="pricingAndTrolleyOptions">  
                    <div class="priceTab activeContainer priceTabContainer" id="addItem_433987"> 
                        <div class="pricing">
                            
<p class="pricePerUnit">
Â£1.30 
</p>

<p class="pricePerMeasure">Â£3.42<abbr title="per">/</abbr>100<abbr title="gram"><span class="pricePerMeasureMeasure">g</span></abbr>
</p>

                                
                        </div>  
                          
                                    <div class="addToTrolleyForm ">   
                                        <!-- BEGIN AddToTrolley.jsp --><!-- fire an on add to bag here from  -->

<form class="addToTrolleyForm" name="OrderItemAddForm_433986" action="OrderItemAdd" method="post" id="OrderItemAddForm_433986">
    <input type="hidden" name="storeId" value="10151">
    <input type="hidden" name="langId" value="44">
    <input type="hidden" name="catalogId" value="10241">
    <input type="hidden" name="authToken" id="authToken433986" value="-1002%2C3jIiHU%2F3lFc4jalpGDAhYOztAdQ%3D">
    
    
    <input type="hidden" name="errorViewName" value="PromotionDisplayView">
    <input type="hidden" name="SKU_ID" value="7644216">
    <input type="hidden" name="itemType" value="">
    <input type="hidden" name="parentSKU" value="">
    
    
       <input type="hidden" id="productCatentryId_433987" value="433986">
       <input type="hidden" id="catEntryId_433986" value="433987">
       <input type="hidden" name="ItemSKU_ID" value="7644216">
     
        
        <div class="quantity hidden" id="updateQtyPanelProduct_433986" data-qty="">
            <ul>
                <li>
                    <a class="button decreaseQty " id="decreaseQty_433986" href="#">-</a> 
                </li>
                <li>	
                    <label class="access" for="quantity_433986">Quantity</label>						
                    <a href="#" class="button quantityPlp  " id="quantityUpdate_433986">
                        </a>
                    <input name="quantity" id="quantity_433986" type="hidden" size="3" value="" class="quantity">		        
                </li>
                <li>
                    
                    <a class="button increaseQty " id="increaseQty_433986" href="#">+</a>
                </li>
            </ul>
        </div>				
            
        
            <input type="hidden" name="catEntryId" value="433987">
        

        <input type="hidden" name="productId" value="433986">
        

    <input type="hidden" name="URL" value="https://www.sainsburys.co.uk/webapp/wcs/stores/servlet/PromotionDisplayView?listId=2&amp;catalogId=10241&amp;productId=1117540&amp;langId=44&amp;storeId=10151&amp;promotionId=10669742">
    <input type="hidden" name="page" value="">
    <input type="hidden" name="contractId" value="">
    <input type="hidden" name="calculateOrder" value="1">
    <input type="hidden" name="calculationUsage" value="-1,-2,-3">
    <input type="hidden" name="updateable" value="1">
    <input type="hidden" name="merge" value="***">

                                  
            <input type="hidden" id="updateUrl_433986" updateurlchild_433987="AjaxOrderItemUpdate?calculateOrder=1&amp;itemType=&amp;ordItemUpdateFlag=0&amp;orderId=.&amp;updatePrices=1&amp;authToken=-1002%252C3jIiHU%252F3lFc4jalpGDAhYOztAdQ%253D&amp;calculationUsage=-1,-2,-3&amp;storeId=10151&amp;errorViewName=AjaxQuickCartDisplay&amp;URL=AjaxQuickCartDisplay&amp;catEntryId=433987&amp;orderItemId_0=&amp;UOM_0=&amp;langId=44&amp;quantity_0=1">
            <input type="hidden" id="removeUrl_433986" removeurlchild_433987="AjaxOrderItemUpdate?calculateOrder=1&amp;itemType=&amp;productId=&amp;ordItemUpdateFlag=2&amp;orderId=.&amp;updatePrices=1&amp;authToken=-1002%252C3jIiHU%252F3lFc4jalpGDAhYOztAdQ%253D&amp;calculationUsage=-1,-2,-3&amp;storeId=10151&amp;errorViewName=AjaxQuickCartDisplay&amp;URL=AjaxQuickCartDisplay&amp;catEntryId=433987&amp;productSKU=&amp;orderItemId_0=&amp;qtyDecremented=true&amp;langId=44&amp;quantity_0=0">           
         
       <input type="hidden" name="callAjax" value="false">
       
    
    <div class="add2Cart " id="addQtyPanelProduct_433986">    
        
            <a class="button process addQty  " id="addQty_433986" href="#">
                Add
            </a>

            <input type="hidden" name="Add" value="Add">
        
    </div>

</form>
<!-- END AddToTrolley.jsp -->
                                    </div>  
                                
                    </div><!-- END priceTabContainer Add container --><!-- Subscribe container --><!-- Start AddToSubscriptionList.jspf --><!-- Start AddToSubscriptionList.jsp --><!-- End AddToSubscriptionList.jsp --><!-- End AddToSubscriptionList.jspf --> 
                </div>  
            </div>  
        </div>
    </div>     
    </div> 
    <div id="additionalItems_433987" class="additionalItems">
        <!-- BEGIN MerchandisingAssociationsDisplay.jsp --><!-- Start - JSP File Name:  MerchandisingAssociationsDisplay.jsp --><!-- END MerchandisingAssociationsDisplay.jsp -->  
    </div> 

<!-- END CatalogEntryThumbnailDisplay.jsp -->
                            </li>
                        
                            <li>
                                
                                                <div class="trolleySummary"><p class="saving">
                                                         <!-- %@ include file="../../include/PromotionStrapline.jspf"% -->
                                                </p></div>
                                            
                                                <div class="trolleySummary"><p class="saving">
                                                         <!-- %@ include file="../../include/PromotionStrapline.jspf"% -->
                                                </p></div>
                                            
                                                <div class="trolleySummary"><p class="saving">
                                                         <!-- %@ include file="../../include/PromotionStrapline.jspf"% -->
                                                </p></div>
                                            <!-- BEGIN CatalogEntryThumbnailDisplay.jsp -->
    <div class="product ">
        
        <div class="errorBanner hidden" id="error87236"></div>
                        
        
        <div class="productInner">
            <div class="productInfoWrapper">
                <div class="productInfo">
                    
                            <h3>
                                <a href="https://www.sainsburys.co.uk/shop/gb/groceries/product/details/kp-nik-naks-nice-n-spicy-grab-bag-50g">
                                    Nik Naks Nice'N'Spicy Grab Bag Crisps 45g
                                    <img src="https://assets.sainsburys-groceries.co.uk/gol/6034888/image.jpg" alt="">
                                </a>
                            </h3>
                        
<div class="promotion">

                        <p>
                            <a strapline="Meal Deal for Â£5.00 | 6034888" href="https://www.sainsburys.co.uk/shop/PromotionDisplayView?listId=2&amp;catalogId=10241&amp;productId=87236&amp;langId=44&amp;storeId=10151&amp;promotionId=10664136"><!-- BEGIN include/PromotionStrapline.jspf -->Meal Deal for Â£5.00<br>

<!-- FINISH include/PromotionStrapline.jspf -->
                            </a>
                        </p>
                    
                        <p>
                            <a strapline="Meal Deal for Â£3.75 | 6034888" href="https://www.sainsburys.co.uk/shop/PromotionDisplayView?listId=2&amp;catalogId=10241&amp;productId=87236&amp;langId=44&amp;storeId=10151&amp;promotionId=10669742">PLUS <!-- BEGIN include/PromotionStrapline.jspf -->Meal Deal for Â£3.75<br>

<!-- FINISH include/PromotionStrapline.jspf -->
                            </a>
                        </p>
                                
</div>

                    <div class="ThumbnailRoundel">
                    <!--ThumbnailRoundel --> 
                    </div>
                    <div class="promoBages">
                        <!-- PROMOTION -->
                    </div>


                    <!-- Review --><!-- BEGIN CatalogEntryRatingsReviewsInfo.jspf --><!-- productAllowedRatingsAndReviews: true -->
<div class="reviews">

    <a class="numberOfReviews" href="https://www.sainsburys.co.uk/shop/gb/groceries/product/details/kp-nik-naks-nice-n-spicy-grab-bag-50g">
        <img src="//www.sainsburys.co.uk/wcsstore7.137.2/SainsburysStorefrontAssetStore/img/stars/rating-4_8.gif" alt="4.75" border="0">&nbsp; 
        Reviews (12)
    </a>

</div>
<!-- END CatalogEntryRatingsReviewsInfo.jspf -->
                </div>
                <!--ThumbnailRestriction -->
            </div>
            
            <div class="addToTrolleytabBox">
            <!-- addToTrolleytabBox LIST VIEW--><!-- Start UserSubscribedOrNot.jspf --><!-- Start UserSubscribedOrNot.jsp --><!-- 
    If the user is not logged in, render this opening 
    DIV adding an addtional class to fix the border top which is removed 
    and replaced by the tabs
-->
<div class="addToTrolleytabContainer addItemBorderTop">
<!-- End AddToSubscriptionList.jsp --><!-- End AddSubscriptionList.jspf --><!-- 
                    ATTENTION!!!
                    <div class="addToTrolleytabContainer">
                    This opening div is inside "../../ReusableObjects/UserSubscribedOrNot.jsp"
                    -->
                <div class="pricingAndTrolleyOptions">  
                    <div class="priceTab activeContainer priceTabContainer" id="addItem_87237"> 
                        <div class="pricing">
                            
<p class="pricePerUnit">
Â£1.10 
</p>

<p class="pricePerMeasure">Â£2.44<abbr title="per">/</abbr>100<abbr title="gram"><span class="pricePerMeasureMeasure">g</span></abbr>
</p>

                                
                        </div>  
                          
                                    <div class="addToTrolleyForm ">   
                                        <!-- BEGIN AddToTrolley.jsp --><!-- fire an on add to bag here from  -->

<form class="addToTrolleyForm" name="OrderItemAddForm_87236" action="OrderItemAdd" method="post" id="OrderItemAddForm_87236">
    <input type="hidden" name="storeId" value="10151">
    <input type="hidden" name="langId" value="44">
    <input type="hidden" name="catalogId" value="10241">
    <input type="hidden" name="authToken" id="authToken87236" value="-1002%2C3jIiHU%2F3lFc4jalpGDAhYOztAdQ%3D">
    
    
    <input type="hidden" name="errorViewName" value="PromotionDisplayView">
    <input type="hidden" name="SKU_ID" value="6034888">
    <input type="hidden" name="itemType" value="">
    <input type="hidden" name="parentSKU" value="">
    
    
       <input type="hidden" id="productCatentryId_87237" value="87236">
       <input type="hidden" id="catEntryId_87236" value="87237">
       <input type="hidden" name="ItemSKU_ID" value="6034888">
     
        
        <div class="quantity hidden" id="updateQtyPanelProduct_87236" data-qty="">
            <ul>
                <li>
                    <a class="button decreaseQty " id="decreaseQty_87236" href="#">-</a> 
                </li>
                <li>	
                    <label class="access" for="quantity_87236">Quantity</label>						
                    <a href="#" class="button quantityPlp  " id="quantityUpdate_87236">
                        </a>
                    <input name="quantity" id="quantity_87236" type="hidden" size="3" value="" class="quantity">		        
                </li>
                <li>
                    
                    <a class="button increaseQty " id="increaseQty_87236" href="#">+</a>
                </li>
            </ul>
        </div>				
            
        
            <input type="hidden" name="catEntryId" value="87237">
        

        <input type="hidden" name="productId" value="87236">
        

    <input type="hidden" name="URL" value="https://www.sainsburys.co.uk/webapp/wcs/stores/servlet/PromotionDisplayView?listId=2&amp;catalogId=10241&amp;productId=1117540&amp;langId=44&amp;storeId=10151&amp;promotionId=10669742">
    <input type="hidden" name="page" value="">
    <input type="hidden" name="contractId" value="">
    <input type="hidden" name="calculateOrder" value="1">
    <input type="hidden" name="calculationUsage" value="-1,-2,-3">
    <input type="hidden" name="updateable" value="1">
    <input type="hidden" name="merge" value="***">

                                  
            <input type="hidden" id="updateUrl_87236" updateurlchild_87237="AjaxOrderItemUpdate?calculateOrder=1&amp;itemType=&amp;ordItemUpdateFlag=0&amp;orderId=.&amp;updatePrices=1&amp;authToken=-1002%252C3jIiHU%252F3lFc4jalpGDAhYOztAdQ%253D&amp;calculationUsage=-1,-2,-3&amp;storeId=10151&amp;errorViewName=AjaxQuickCartDisplay&amp;URL=AjaxQuickCartDisplay&amp;catEntryId=87237&amp;orderItemId_0=&amp;UOM_0=&amp;langId=44&amp;quantity_0=1">
            <input type="hidden" id="removeUrl_87236" removeurlchild_87237="AjaxOrderItemUpdate?calculateOrder=1&amp;itemType=&amp;productId=&amp;ordItemUpdateFlag=2&amp;orderId=.&amp;updatePrices=1&amp;authToken=-1002%252C3jIiHU%252F3lFc4jalpGDAhYOztAdQ%253D&amp;calculationUsage=-1,-2,-3&amp;storeId=10151&amp;errorViewName=AjaxQuickCartDisplay&amp;URL=AjaxQuickCartDisplay&amp;catEntryId=87237&amp;productSKU=&amp;orderItemId_0=&amp;qtyDecremented=true&amp;langId=44&amp;quantity_0=0">           
         
       <input type="hidden" name="callAjax" value="false">
       
    
    <div class="add2Cart " id="addQtyPanelProduct_87236">    
        
            <a class="button process addQty  " id="addQty_87236" href="#">
                Add
            </a>

            <input type="hidden" name="Add" value="Add">
        
    </div>

</form>
<!-- END AddToTrolley.jsp -->
                                    </div>  
                                
                    </div><!-- END priceTabContainer Add container --><!-- Subscribe container --><!-- Start AddToSubscriptionList.jspf --><!-- Start AddToSubscriptionList.jsp --><!-- End AddToSubscriptionList.jsp --><!-- End AddToSubscriptionList.jspf --> 
                </div>  
            </div>  
        </div>
    </div>     
    </div> 
    <div id="additionalItems_87237" class="additionalItems">
        <!-- BEGIN MerchandisingAssociationsDisplay.jsp --><!-- Start - JSP File Name:  MerchandisingAssociationsDisplay.jsp --><!-- END MerchandisingAssociationsDisplay.jsp -->  
    </div> 

<!-- END CatalogEntryThumbnailDisplay.jsp -->
                            </li>
                        
                            <li>
                                
                                                <div class="trolleySummary"><p class="saving">
                                                         <!-- %@ include file="../../include/PromotionStrapline.jspf"% -->
                                                </p></div>
                                            
                                                <div class="trolleySummary"><p class="saving">
                                                         <!-- %@ include file="../../include/PromotionStrapline.jspf"% -->
                                                </p></div>
                                            
                                                <div class="trolleySummary"><p class="saving">
                                                         <!-- %@ include file="../../include/PromotionStrapline.jspf"% -->
                                                </p></div>
                                            <!-- BEGIN CatalogEntryThumbnailDisplay.jsp -->
    <div class="product ">
        
        <div class="errorBanner hidden" id="error38856"></div>
                        
        
        <div class="productInner">
            <div class="productInfoWrapper">
                <div class="productInfo">
                    
                            <h3>
                                <a href="https://www.sainsburys.co.uk/shop/gb/groceries/product/details/maltesers-standard-bag-37g">
                                    Maltesers Milk Chocolate &amp; Honeycomb Snack Bag 37g
                                    <img src="https://assets.sainsburys-groceries.co.uk/gol/2605555/image.jpg" alt="">
                                </a>
                            </h3>
                        
<div class="promotion">

                        <p>
                            <a strapline="Meal Deal for Â£5.00 | 2605555" href="https://www.sainsburys.co.uk/shop/PromotionDisplayView?listId=2&amp;catalogId=10241&amp;productId=38856&amp;langId=44&amp;storeId=10151&amp;promotionId=10664136"><!-- BEGIN include/PromotionStrapline.jspf -->Meal Deal for Â£5.00<br>

<!-- FINISH include/PromotionStrapline.jspf -->
                            </a>
                        </p>
                    
                        <p>
                            <a strapline="Meal Deal for Â£3.75 | 2605555" href="https://www.sainsburys.co.uk/shop/PromotionDisplayView?listId=2&amp;catalogId=10241&amp;productId=38856&amp;langId=44&amp;storeId=10151&amp;promotionId=10669742">PLUS <!-- BEGIN include/PromotionStrapline.jspf -->Meal Deal for Â£3.75<br>

<!-- FINISH include/PromotionStrapline.jspf -->
                            </a>
                        </p>
                                
</div>

                    <div class="ThumbnailRoundel">
                    <!--ThumbnailRoundel --> 
                    </div>
                    <div class="promoBages">
                        <!-- PROMOTION -->
                    </div>


                    <!-- Review --><!-- BEGIN CatalogEntryRatingsReviewsInfo.jspf --><!-- productAllowedRatingsAndReviews: true -->
<div class="reviews">

    <a class="numberOfReviews" href="https://www.sainsburys.co.uk/shop/gb/groceries/product/details/maltesers-standard-bag-37g">
        <img src="//www.sainsburys.co.uk/wcsstore7.137.2/SainsburysStorefrontAssetStore/img/stars/rating-4_5.gif" alt="4.5115" border="0">&nbsp; 
        Reviews (217)
    </a>

</div>
<!-- END CatalogEntryRatingsReviewsInfo.jspf -->
                </div>
                <!--ThumbnailRestriction -->
            </div>
            
            <div class="addToTrolleytabBox">
            <!-- addToTrolleytabBox LIST VIEW--><!-- Start UserSubscribedOrNot.jspf --><!-- Start UserSubscribedOrNot.jsp --><!-- 
    If the user is not logged in, render this opening 
    DIV adding an addtional class to fix the border top which is removed 
    and replaced by the tabs
-->
<div class="addToTrolleytabContainer addItemBorderTop">
<!-- End AddToSubscriptionList.jsp --><!-- End AddSubscriptionList.jspf --><!-- 
                    ATTENTION!!!
                    <div class="addToTrolleytabContainer">
                    This opening div is inside "../../ReusableObjects/UserSubscribedOrNot.jsp"
                    -->
                <div class="pricingAndTrolleyOptions">  
                    <div class="priceTab activeContainer priceTabContainer" id="addItem_38857"> 
                        <div class="pricing">
                            
<p class="pricePerUnit">
95p 
</p>

<p class="pricePerMeasure">Â£2.57<abbr title="per">/</abbr>100<abbr title="gram"><span class="pricePerMeasureMeasure">g</span></abbr>
</p>

                                
                        </div>  
                          
                                    <div class="addToTrolleyForm ">   
                                        <!-- BEGIN AddToTrolley.jsp --><!-- fire an on add to bag here from  -->

<form class="addToTrolleyForm" name="OrderItemAddForm_38856" action="OrderItemAdd" method="post" id="OrderItemAddForm_38856">
    <input type="hidden" name="storeId" value="10151">
    <input type="hidden" name="langId" value="44">
    <input type="hidden" name="catalogId" value="10241">
    <input type="hidden" name="authToken" id="authToken38856" value="-1002%2C3jIiHU%2F3lFc4jalpGDAhYOztAdQ%3D">
    
    
    <input type="hidden" name="errorViewName" value="PromotionDisplayView">
    <input type="hidden" name="SKU_ID" value="2605555">
    <input type="hidden" name="itemType" value="">
    <input type="hidden" name="parentSKU" value="">
    
    
       <input type="hidden" id="productCatentryId_38857" value="38856">
       <input type="hidden" id="catEntryId_38856" value="38857">
       <input type="hidden" name="ItemSKU_ID" value="2605555">
     
        
        <div class="quantity hidden" id="updateQtyPanelProduct_38856" data-qty="">
            <ul>
                <li>
                    <a class="button decreaseQty " id="decreaseQty_38856" href="#">-</a> 
                </li>
                <li>	
                    <label class="access" for="quantity_38856">Quantity</label>						
                    <a href="#" class="button quantityPlp  " id="quantityUpdate_38856">
                        </a>
                    <input name="quantity" id="quantity_38856" type="hidden" size="3" value="" class="quantity">		        
                </li>
                <li>
                    
                    <a class="button increaseQty " id="increaseQty_38856" href="#">+</a>
                </li>
            </ul>
        </div>				
            
        
            <input type="hidden" name="catEntryId" value="38857">
        

        <input type="hidden" name="productId" value="38856">
        

    <input type="hidden" name="URL" value="https://www.sainsburys.co.uk/webapp/wcs/stores/servlet/PromotionDisplayView?listId=2&amp;catalogId=10241&amp;productId=1117540&amp;langId=44&amp;storeId=10151&amp;promotionId=10669742">
    <input type="hidden" name="page" value="">
    <input type="hidden" name="contractId" value="">
    <input type="hidden" name="calculateOrder" value="1">
    <input type="hidden" name="calculationUsage" value="-1,-2,-3">
    <input type="hidden" name="updateable" value="1">
    <input type="hidden" name="merge" value="***">

                                  
            <input type="hidden" id="updateUrl_38856" updateurlchild_38857="AjaxOrderItemUpdate?calculateOrder=1&amp;itemType=&amp;ordItemUpdateFlag=0&amp;orderId=.&amp;updatePrices=1&amp;authToken=-1002%252C3jIiHU%252F3lFc4jalpGDAhYOztAdQ%253D&amp;calculationUsage=-1,-2,-3&amp;storeId=10151&amp;errorViewName=AjaxQuickCartDisplay&amp;URL=AjaxQuickCartDisplay&amp;catEntryId=38857&amp;orderItemId_0=&amp;UOM_0=&amp;langId=44&amp;quantity_0=1">
            <input type="hidden" id="removeUrl_38856" removeurlchild_38857="AjaxOrderItemUpdate?calculateOrder=1&amp;itemType=&amp;productId=&amp;ordItemUpdateFlag=2&amp;orderId=.&amp;updatePrices=1&amp;authToken=-1002%252C3jIiHU%252F3lFc4jalpGDAhYOztAdQ%253D&amp;calculationUsage=-1,-2,-3&amp;storeId=10151&amp;errorViewName=AjaxQuickCartDisplay&amp;URL=AjaxQuickCartDisplay&amp;catEntryId=38857&amp;productSKU=&amp;orderItemId_0=&amp;qtyDecremented=true&amp;langId=44&amp;quantity_0=0">           
         
       <input type="hidden" name="callAjax" value="false">
       
    
    <div class="add2Cart " id="addQtyPanelProduct_38856">    
        
            <a class="button process addQty  " id="addQty_38856" href="#">
                Add
            </a>

            <input type="hidden" name="Add" value="Add">
        
    </div>

</form>
<!-- END AddToTrolley.jsp -->
                                    </div>  
                                
                    </div><!-- END priceTabContainer Add container --><!-- Subscribe container --><!-- Start AddToSubscriptionList.jspf --><!-- Start AddToSubscriptionList.jsp --><!-- End AddToSubscriptionList.jsp --><!-- End AddToSubscriptionList.jspf --> 
                </div>  
            </div>  
        </div>
    </div>     
    </div> 
    <div id="additionalItems_38857" class="additionalItems">
        <!-- BEGIN MerchandisingAssociationsDisplay.jsp --><!-- Start - JSP File Name:  MerchandisingAssociationsDisplay.jsp --><!-- END MerchandisingAssociationsDisplay.jsp -->  
    </div> 

<!-- END CatalogEntryThumbnailDisplay.jsp -->
                            </li>
                        
                            <li>
                                
                                                <div class="trolleySummary"><p class="saving">
                                                         <!-- %@ include file="../../include/PromotionStrapline.jspf"% -->
                                                </p></div>
                                            
                                                <div class="trolleySummary"><p class="saving">
                                                         <!-- %@ include file="../../include/PromotionStrapline.jspf"% -->
                                                </p></div>
                                            
                                                <div class="trolleySummary"><p class="saving">
                                                         <!-- %@ include file="../../include/PromotionStrapline.jspf"% -->
                                                </p></div>
                                            <!-- BEGIN CatalogEntryThumbnailDisplay.jsp -->
    <div class="product ">
        
        <div class="errorBanner hidden" id="error1329098"></div>
                        
        
        <div class="productInner">
            <div class="productInfoWrapper">
                <div class="productInfo">
                    
                            <h3>
                                <a href="https://www.sainsburys.co.uk/shop/gb/groceries/product/details/walkers-ready-salted-crisps-45g">
                                    Walkers Ready Salted Crisps 45g
                                    <img src="https://assets.sainsburys-groceries.co.uk/gol/8001360/image.jpg" alt="">
                                </a>
                            </h3>
                        
<div class="promotion">

                        <p>
                            <a strapline="Meal Deal for Â£5.00 | 8001360" href="https://www.sainsburys.co.uk/shop/PromotionDisplayView?listId=2&amp;catalogId=10241&amp;productId=1329098&amp;langId=44&amp;storeId=10151&amp;promotionId=10664136"><!-- BEGIN include/PromotionStrapline.jspf -->Meal Deal for Â£5.00<br>

<!-- FINISH include/PromotionStrapline.jspf -->
                            </a>
                        </p>
                    
                        <p>
                            <a strapline="Meal Deal for Â£3.75 | 8001360" href="https://www.sainsburys.co.uk/shop/PromotionDisplayView?listId=2&amp;catalogId=10241&amp;productId=1329098&amp;langId=44&amp;storeId=10151&amp;promotionId=10669742">PLUS <!-- BEGIN include/PromotionStrapline.jspf -->Meal Deal for Â£3.75<br>

<!-- FINISH include/PromotionStrapline.jspf -->
                            </a>
                        </p>
                                
</div>

                    <div class="ThumbnailRoundel">
                    <!--ThumbnailRoundel --> 
                    </div>
                    <div class="promoBages">
                        <!-- PROMOTION -->
                    </div>


                    <!-- Review --><!-- BEGIN CatalogEntryRatingsReviewsInfo.jspf --><!-- productAllowedRatingsAndReviews: true -->
<div class="reviews">

    <a class="numberOfReviews" href="https://www.sainsburys.co.uk/shop/gb/groceries/product/details/walkers-ready-salted-crisps-45g">
        <img src="//www.sainsburys.co.uk/wcsstore7.137.2/SainsburysStorefrontAssetStore/img/stars/rating-4_4.gif" alt="4.3766" border="0">&nbsp; 
        Reviews (77)
    </a>

</div>
<!-- END CatalogEntryRatingsReviewsInfo.jspf -->
                </div>
                <!--ThumbnailRestriction -->
            </div>
            
            <div class="addToTrolleytabBox">
            <!-- addToTrolleytabBox LIST VIEW--><!-- Start UserSubscribedOrNot.jspf --><!-- Start UserSubscribedOrNot.jsp --><!-- 
    If the user is not logged in, render this opening 
    DIV adding an addtional class to fix the border top which is removed 
    and replaced by the tabs
-->
<div class="addToTrolleytabContainer addItemBorderTop">
<!-- End AddToSubscriptionList.jsp --><!-- End AddSubscriptionList.jspf --><!-- 
                    ATTENTION!!!
                    <div class="addToTrolleytabContainer">
                    This opening div is inside "../../ReusableObjects/UserSubscribedOrNot.jsp"
                    -->
                <div class="pricingAndTrolleyOptions">  
                    <div class="priceTab activeContainer priceTabContainer" id="addItem_1329099"> 
                        <div class="pricing">
                            
<p class="pricePerUnit">
Â£1.10 
</p>

<p class="pricePerMeasure">Â£2.44<abbr title="per">/</abbr>100<abbr title="gram"><span class="pricePerMeasureMeasure">g</span></abbr>
</p>

                                
                        </div>  
                          
                                    <div class="addToTrolleyForm ">   
                                        <!-- BEGIN AddToTrolley.jsp --><!-- fire an on add to bag here from  -->

<form class="addToTrolleyForm" name="OrderItemAddForm_1329098" action="OrderItemAdd" method="post" id="OrderItemAddForm_1329098">
    <input type="hidden" name="storeId" value="10151">
    <input type="hidden" name="langId" value="44">
    <input type="hidden" name="catalogId" value="10241">
    <input type="hidden" name="authToken" id="authToken1329098" value="-1002%2C3jIiHU%2F3lFc4jalpGDAhYOztAdQ%3D">
    
    
    <input type="hidden" name="errorViewName" value="PromotionDisplayView">
    <input type="hidden" name="SKU_ID" value="8001360">
    <input type="hidden" name="itemType" value="">
    <input type="hidden" name="parentSKU" value="">
    
    
       <input type="hidden" id="productCatentryId_1329099" value="1329098">
       <input type="hidden" id="catEntryId_1329098" value="1329099">
       <input type="hidden" name="ItemSKU_ID" value="8001360">
     
        
        <div class="quantity hidden" id="updateQtyPanelProduct_1329098" data-qty="">
            <ul>
                <li>
                    <a class="button decreaseQty " id="decreaseQty_1329098" href="#">-</a> 
                </li>
                <li>	
                    <label class="access" for="quantity_1329098">Quantity</label>						
                    <a href="#" class="button quantityPlp  " id="quantityUpdate_1329098">
                        </a>
                    <input name="quantity" id="quantity_1329098" type="hidden" size="3" value="" class="quantity">		        
                </li>
                <li>
                    
                    <a class="button increaseQty " id="increaseQty_1329098" href="#">+</a>
                </li>
            </ul>
        </div>				
            
        
            <input type="hidden" name="catEntryId" value="1329099">
        

        <input type="hidden" name="productId" value="1329098">
        

    <input type="hidden" name="URL" value="https://www.sainsburys.co.uk/webapp/wcs/stores/servlet/PromotionDisplayView?listId=2&amp;catalogId=10241&amp;productId=1117540&amp;langId=44&amp;storeId=10151&amp;promotionId=10669742">
    <input type="hidden" name="page" value="">
    <input type="hidden" name="contractId" value="">
    <input type="hidden" name="calculateOrder" value="1">
    <input type="hidden" name="calculationUsage" value="-1,-2,-3">
    <input type="hidden" name="updateable" value="1">
    <input type="hidden" name="merge" value="***">

                                  
            <input type="hidden" id="updateUrl_1329098" updateurlchild_1329099="AjaxOrderItemUpdate?calculateOrder=1&amp;itemType=&amp;ordItemUpdateFlag=0&amp;orderId=.&amp;updatePrices=1&amp;authToken=-1002%252C3jIiHU%252F3lFc4jalpGDAhYOztAdQ%253D&amp;calculationUsage=-1,-2,-3&amp;storeId=10151&amp;errorViewName=AjaxQuickCartDisplay&amp;URL=AjaxQuickCartDisplay&amp;catEntryId=1329099&amp;orderItemId_0=&amp;UOM_0=&amp;langId=44&amp;quantity_0=1">
            <input type="hidden" id="removeUrl_1329098" removeurlchild_1329099="AjaxOrderItemUpdate?calculateOrder=1&amp;itemType=&amp;productId=&amp;ordItemUpdateFlag=2&amp;orderId=.&amp;updatePrices=1&amp;authToken=-1002%252C3jIiHU%252F3lFc4jalpGDAhYOztAdQ%253D&amp;calculationUsage=-1,-2,-3&amp;storeId=10151&amp;errorViewName=AjaxQuickCartDisplay&amp;URL=AjaxQuickCartDisplay&amp;catEntryId=1329099&amp;productSKU=&amp;orderItemId_0=&amp;qtyDecremented=true&amp;langId=44&amp;quantity_0=0">           
         
       <input type="hidden" name="callAjax" value="false">
       
    
    <div class="add2Cart " id="addQtyPanelProduct_1329098">    
        
            <a class="button process addQty  " id="addQty_1329098" href="#">
                Add
            </a>

            <input type="hidden" name="Add" value="Add">
        
    </div>

</form>
<!-- END AddToTrolley.jsp -->
                                    </div>  
                                
                    </div><!-- END priceTabContainer Add container --><!-- Subscribe container --><!-- Start AddToSubscriptionList.jspf --><!-- Start AddToSubscriptionList.jsp --><!-- End AddToSubscriptionList.jsp --><!-- End AddToSubscriptionList.jspf --> 
                </div>  
            </div>  
        </div>
    </div>     
    </div> 
    <div id="additionalItems_1329099" class="additionalItems">
        <!-- BEGIN MerchandisingAssociationsDisplay.jsp --><!-- Start - JSP File Name:  MerchandisingAssociationsDisplay.jsp --><!-- END MerchandisingAssociationsDisplay.jsp -->  
    </div> 

<!-- END CatalogEntryThumbnailDisplay.jsp -->
                            </li>
                        
                            <li>
                                
                                                <div class="trolleySummary"><p class="saving">
                                                         <!-- %@ include file="../../include/PromotionStrapline.jspf"% -->
                                                </p></div>
                                            
                                                <div class="trolleySummary"><p class="saving">
                                                         <!-- %@ include file="../../include/PromotionStrapline.jspf"% -->
                                                </p></div>
                                            
                                                <div class="trolleySummary"><p class="saving">
                                                         <!-- %@ include file="../../include/PromotionStrapline.jspf"% -->
                                                </p></div>
                                            <!-- BEGIN CatalogEntryThumbnailDisplay.jsp -->
    <div class="product ">
        
        <div class="errorBanner hidden" id="error1315980"></div>
                        
        
        <div class="productInner">
            <div class="productInfoWrapper">
                <div class="productInfo">
                    
                            <h3>
                                <a href="https://www.sainsburys.co.uk/shop/gb/groceries/product/details/sainsburys-ftg-apple-grape-strawberry-135g">
                                    Sainsbury's On the Go Apple, Grape &amp; Strawberry 135g
                                    <img src="https://assets.sainsburys-groceries.co.uk/gol/7992360/image.jpg" alt="">
                                </a>
                            </h3>
                        
<div class="promotion">

                        <p>
                            <a strapline="Meal Deal for Â£5.00 | 7992360" href="https://www.sainsburys.co.uk/shop/PromotionDisplayView?listId=2&amp;catalogId=10241&amp;productId=1315980&amp;langId=44&amp;storeId=10151&amp;promotionId=10664136"><!-- BEGIN include/PromotionStrapline.jspf -->Meal Deal for Â£5.00<br>

<!-- FINISH include/PromotionStrapline.jspf -->
                            </a>
                        </p>
                    
                        <p>
                            <a strapline="Meal Deal for Â£3.75 | 7992360" href="https://www.sainsburys.co.uk/shop/PromotionDisplayView?listId=2&amp;catalogId=10241&amp;productId=1315980&amp;langId=44&amp;storeId=10151&amp;promotionId=10669742">PLUS <!-- BEGIN include/PromotionStrapline.jspf -->Meal Deal for Â£3.75<br>

<!-- FINISH include/PromotionStrapline.jspf -->
                            </a>
                        </p>
                                
</div>

                    <div class="ThumbnailRoundel">
                    <!--ThumbnailRoundel --> 
                    </div>
                    <div class="promoBages">
                        <!-- PROMOTION -->
                    </div>


                    <!-- Review --><!-- BEGIN CatalogEntryRatingsReviewsInfo.jspf --><!-- productAllowedRatingsAndReviews: true -->
<div class="reviews">

    <a class="numberOfReviews" href="https://www.sainsburys.co.uk/shop/gb/groceries/product/details/sainsburys-ftg-apple-grape-strawberry-135g">
        <img src="//www.sainsburys.co.uk/wcsstore7.137.2/SainsburysStorefrontAssetStore/img/stars/rating-4_4.gif" alt="4.3846" border="0">&nbsp; 
        Reviews (13)
    </a>

</div>
<!-- END CatalogEntryRatingsReviewsInfo.jspf -->
                </div>
                <!--ThumbnailRestriction -->
            </div>
            
            <div class="addToTrolleytabBox">
            <!-- addToTrolleytabBox LIST VIEW--><!-- Start UserSubscribedOrNot.jspf --><!-- Start UserSubscribedOrNot.jsp --><!-- 
    If the user is not logged in, render this opening 
    DIV adding an addtional class to fix the border top which is removed 
    and replaced by the tabs
-->
<div class="addToTrolleytabContainer addItemBorderTop">
<!-- End AddToSubscriptionList.jsp --><!-- End AddSubscriptionList.jspf --><!-- 
                    ATTENTION!!!
                    <div class="addToTrolleytabContainer">
                    This opening div is inside "../../ReusableObjects/UserSubscribedOrNot.jsp"
                    -->
                <div class="pricingAndTrolleyOptions">  
                    <div class="priceTab activeContainer priceTabContainer" id="addItem_1315981"> 
                        <div class="pricing">
                            
<p class="pricePerUnit">
Â£1.35 
</p>

<p class="pricePerMeasure">Â£10.00<abbr title="per">/</abbr><abbr title="kilogram"><span class="pricePerMeasureMeasure">kg</span></abbr>
</p>

                                
                        </div>  
                          
                                    <div class="addToTrolleyForm ">   
                                        <!-- BEGIN AddToTrolley.jsp --><!-- fire an on add to bag here from  -->

<form class="addToTrolleyForm" name="OrderItemAddForm_1315980" action="OrderItemAdd" method="post" id="OrderItemAddForm_1315980">
    <input type="hidden" name="storeId" value="10151">
    <input type="hidden" name="langId" value="44">
    <input type="hidden" name="catalogId" value="10241">
    <input type="hidden" name="authToken" id="authToken1315980" value="-1002%2C3jIiHU%2F3lFc4jalpGDAhYOztAdQ%3D">
    
    
    <input type="hidden" name="errorViewName" value="PromotionDisplayView">
    <input type="hidden" name="SKU_ID" value="7992360">
    <input type="hidden" name="itemType" value="">
    <input type="hidden" name="parentSKU" value="">
    
    
       <input type="hidden" id="productCatentryId_1315981" value="1315980">
       <input type="hidden" id="catEntryId_1315980" value="1315981">
       <input type="hidden" name="ItemSKU_ID" value="7992360">
     
        
        <div class="quantity hidden" id="updateQtyPanelProduct_1315980" data-qty="">
            <ul>
                <li>
                    <a class="button decreaseQty " id="decreaseQty_1315980" href="#">-</a> 
                </li>
                <li>	
                    <label class="access" for="quantity_1315980">Quantity</label>						
                    <a href="#" class="button quantityPlp  " id="quantityUpdate_1315980">
                        </a>
                    <input name="quantity" id="quantity_1315980" type="hidden" size="3" value="" class="quantity">		        
                </li>
                <li>
                    
                    <a class="button increaseQty " id="increaseQty_1315980" href="#">+</a>
                </li>
            </ul>
        </div>				
            
        
            <input type="hidden" name="catEntryId" value="1315981">
        

        <input type="hidden" name="productId" value="1315980">
        

    <input type="hidden" name="URL" value="https://www.sainsburys.co.uk/webapp/wcs/stores/servlet/PromotionDisplayView?listId=2&amp;catalogId=10241&amp;productId=1117540&amp;langId=44&amp;storeId=10151&amp;promotionId=10669742">
    <input type="hidden" name="page" value="">
    <input type="hidden" name="contractId" value="">
    <input type="hidden" name="calculateOrder" value="1">
    <input type="hidden" name="calculationUsage" value="-1,-2,-3">
    <input type="hidden" name="updateable" value="1">
    <input type="hidden" name="merge" value="***">

                                  
            <input type="hidden" id="updateUrl_1315980" updateurlchild_1315981="AjaxOrderItemUpdate?calculateOrder=1&amp;itemType=&amp;ordItemUpdateFlag=0&amp;orderId=.&amp;updatePrices=1&amp;authToken=-1002%252C3jIiHU%252F3lFc4jalpGDAhYOztAdQ%253D&amp;calculationUsage=-1,-2,-3&amp;storeId=10151&amp;errorViewName=AjaxQuickCartDisplay&amp;URL=AjaxQuickCartDisplay&amp;catEntryId=1315981&amp;orderItemId_0=&amp;UOM_0=&amp;langId=44&amp;quantity_0=1">
            <input type="hidden" id="removeUrl_1315980" removeurlchild_1315981="AjaxOrderItemUpdate?calculateOrder=1&amp;itemType=&amp;productId=&amp;ordItemUpdateFlag=2&amp;orderId=.&amp;updatePrices=1&amp;authToken=-1002%252C3jIiHU%252F3lFc4jalpGDAhYOztAdQ%253D&amp;calculationUsage=-1,-2,-3&amp;storeId=10151&amp;errorViewName=AjaxQuickCartDisplay&amp;URL=AjaxQuickCartDisplay&amp;catEntryId=1315981&amp;productSKU=&amp;orderItemId_0=&amp;qtyDecremented=true&amp;langId=44&amp;quantity_0=0">           
         
       <input type="hidden" name="callAjax" value="false">
       
    
    <div class="add2Cart " id="addQtyPanelProduct_1315980">    
        
            <a class="button process addQty  " id="addQty_1315980" href="#">
                Add
            </a>

            <input type="hidden" name="Add" value="Add">
        
    </div>

</form>
<!-- END AddToTrolley.jsp -->
                                    </div>  
                                
                    </div><!-- END priceTabContainer Add container --><!-- Subscribe container --><!-- Start AddToSubscriptionList.jspf --><!-- Start AddToSubscriptionList.jsp --><!-- End AddToSubscriptionList.jsp --><!-- End AddToSubscriptionList.jspf --> 
                </div>  
            </div>  
        </div>
    </div>     
    </div> 
    <div id="additionalItems_1315981" class="additionalItems">
        <!-- BEGIN MerchandisingAssociationsDisplay.jsp --><!-- Start - JSP File Name:  MerchandisingAssociationsDisplay.jsp --><!-- END MerchandisingAssociationsDisplay.jsp -->  
    </div> 

<!-- END CatalogEntryThumbnailDisplay.jsp -->
                            </li>
                        
                            <li>
                                
                                                <div class="trolleySummary"><p class="saving">
                                                         <!-- %@ include file="../../include/PromotionStrapline.jspf"% -->
                                                </p></div>
                                            
                                                <div class="trolleySummary"><p class="saving">
                                                         <!-- %@ include file="../../include/PromotionStrapline.jspf"% -->
                                                </p></div>
                                            
                                                <div class="trolleySummary"><p class="saving">
                                                         <!-- %@ include file="../../include/PromotionStrapline.jspf"% -->
                                                </p></div>
                                            <!-- BEGIN CatalogEntryThumbnailDisplay.jsp -->
    <div class="product ">
        
        <div class="errorBanner hidden" id="error40368"></div>
                        
        
        <div class="productInner">
            <div class="productInfoWrapper">
                <div class="productInfo">
                    
                            <h3>
                                <a href="https://www.sainsburys.co.uk/shop/gb/groceries/product/details/cadbury-boost-glucose">
                                    Cadbury Boost Chocolate Bar 48.5g
                                    <img src="https://assets.sainsburys-groceries.co.uk/gol/4037897/image.jpg" alt="">
                                </a>
                            </h3>
                        
<div class="promotion">

                        <p>
                            <a strapline="Meal Deal for Â£5.00 | 4037897" href="https://www.sainsburys.co.uk/shop/PromotionDisplayView?listId=2&amp;catalogId=10241&amp;productId=40368&amp;langId=44&amp;storeId=10151&amp;promotionId=10664136"><!-- BEGIN include/PromotionStrapline.jspf -->Meal Deal for Â£5.00<br>

<!-- FINISH include/PromotionStrapline.jspf -->
                            </a>
                        </p>
                    
                        <p>
                            <a strapline="Meal Deal for Â£3.75 | 4037897" href="https://www.sainsburys.co.uk/shop/PromotionDisplayView?listId=2&amp;catalogId=10241&amp;productId=40368&amp;langId=44&amp;storeId=10151&amp;promotionId=10669742">PLUS <!-- BEGIN include/PromotionStrapline.jspf -->Meal Deal for Â£3.75<br>

<!-- FINISH include/PromotionStrapline.jspf -->
                            </a>
                        </p>
                                
</div>

                    <div class="ThumbnailRoundel">
                    <!--ThumbnailRoundel --> 
                    </div>
                    <div class="promoBages">
                        <!-- PROMOTION -->
                    </div>


                    <!-- Review --><!-- BEGIN CatalogEntryRatingsReviewsInfo.jspf --><!-- productAllowedRatingsAndReviews: true -->
<div class="reviews">

    <a class="numberOfReviews" href="https://www.sainsburys.co.uk/shop/gb/groceries/product/details/cadbury-boost-glucose">
        <img src="//www.sainsburys.co.uk/wcsstore7.137.2/SainsburysStorefrontAssetStore/img/stars/rating-4_7.gif" alt="4.7273" border="0">&nbsp; 
        Reviews (11)
    </a>

</div>
<!-- END CatalogEntryRatingsReviewsInfo.jspf -->
                </div>
                <!--ThumbnailRestriction -->
            </div>
            
            <div class="addToTrolleytabBox">
            <!-- addToTrolleytabBox LIST VIEW--><!-- Start UserSubscribedOrNot.jspf --><!-- Start UserSubscribedOrNot.jsp --><!-- 
    If the user is not logged in, render this opening 
    DIV adding an addtional class to fix the border top which is removed 
    and replaced by the tabs
-->
<div class="addToTrolleytabContainer addItemBorderTop">
<!-- End AddToSubscriptionList.jsp --><!-- End AddSubscriptionList.jspf --><!-- 
                    ATTENTION!!!
                    <div class="addToTrolleytabContainer">
                    This opening div is inside "../../ReusableObjects/UserSubscribedOrNot.jsp"
                    -->
                <div class="pricingAndTrolleyOptions">  
                    <div class="priceTab activeContainer priceTabContainer" id="addItem_40369"> 
                        <div class="pricing">
                            
<p class="pricePerUnit">
Â£1.05 
</p>

<p class="pricePerMeasure">Â£2.16<abbr title="per">/</abbr>100<abbr title="gram"><span class="pricePerMeasureMeasure">g</span></abbr>
</p>

                                
                        </div>  
                          
                                    <div class="addToTrolleyForm ">   
                                        <!-- BEGIN AddToTrolley.jsp --><!-- fire an on add to bag here from  -->

<form class="addToTrolleyForm" name="OrderItemAddForm_40368" action="OrderItemAdd" method="post" id="OrderItemAddForm_40368">
    <input type="hidden" name="storeId" value="10151">
    <input type="hidden" name="langId" value="44">
    <input type="hidden" name="catalogId" value="10241">
    <input type="hidden" name="authToken" id="authToken40368" value="-1002%2C3jIiHU%2F3lFc4jalpGDAhYOztAdQ%3D">
    
    
    <input type="hidden" name="errorViewName" value="PromotionDisplayView">
    <input type="hidden" name="SKU_ID" value="4037897">
    <input type="hidden" name="itemType" value="">
    <input type="hidden" name="parentSKU" value="">
    
    
       <input type="hidden" id="productCatentryId_40369" value="40368">
       <input type="hidden" id="catEntryId_40368" value="40369">
       <input type="hidden" name="ItemSKU_ID" value="4037897">
     
        
        <div class="quantity hidden" id="updateQtyPanelProduct_40368" data-qty="">
            <ul>
                <li>
                    <a class="button decreaseQty " id="decreaseQty_40368" href="#">-</a> 
                </li>
                <li>	
                    <label class="access" for="quantity_40368">Quantity</label>						
                    <a href="#" class="button quantityPlp  " id="quantityUpdate_40368">
                        </a>
                    <input name="quantity" id="quantity_40368" type="hidden" size="3" value="" class="quantity">		        
                </li>
                <li>
                    
                    <a class="button increaseQty " id="increaseQty_40368" href="#">+</a>
                </li>
            </ul>
        </div>				
            
        
            <input type="hidden" name="catEntryId" value="40369">
        

        <input type="hidden" name="productId" value="40368">
        

    <input type="hidden" name="URL" value="https://www.sainsburys.co.uk/webapp/wcs/stores/servlet/PromotionDisplayView?listId=2&amp;catalogId=10241&amp;productId=1117540&amp;langId=44&amp;storeId=10151&amp;promotionId=10669742">
    <input type="hidden" name="page" value="">
    <input type="hidden" name="contractId" value="">
    <input type="hidden" name="calculateOrder" value="1">
    <input type="hidden" name="calculationUsage" value="-1,-2,-3">
    <input type="hidden" name="updateable" value="1">
    <input type="hidden" name="merge" value="***">

                                  
            <input type="hidden" id="updateUrl_40368" updateurlchild_40369="AjaxOrderItemUpdate?calculateOrder=1&amp;itemType=&amp;ordItemUpdateFlag=0&amp;orderId=.&amp;updatePrices=1&amp;authToken=-1002%252C3jIiHU%252F3lFc4jalpGDAhYOztAdQ%253D&amp;calculationUsage=-1,-2,-3&amp;storeId=10151&amp;errorViewName=AjaxQuickCartDisplay&amp;URL=AjaxQuickCartDisplay&amp;catEntryId=40369&amp;orderItemId_0=&amp;UOM_0=&amp;langId=44&amp;quantity_0=1">
            <input type="hidden" id="removeUrl_40368" removeurlchild_40369="AjaxOrderItemUpdate?calculateOrder=1&amp;itemType=&amp;productId=&amp;ordItemUpdateFlag=2&amp;orderId=.&amp;updatePrices=1&amp;authToken=-1002%252C3jIiHU%252F3lFc4jalpGDAhYOztAdQ%253D&amp;calculationUsage=-1,-2,-3&amp;storeId=10151&amp;errorViewName=AjaxQuickCartDisplay&amp;URL=AjaxQuickCartDisplay&amp;catEntryId=40369&amp;productSKU=&amp;orderItemId_0=&amp;qtyDecremented=true&amp;langId=44&amp;quantity_0=0">           
         
       <input type="hidden" name="callAjax" value="false">
       
    
    <div class="add2Cart " id="addQtyPanelProduct_40368">    
        
            <a class="button process addQty  " id="addQty_40368" href="#">
                Add
            </a>

            <input type="hidden" name="Add" value="Add">
        
    </div>

</form>
<!-- END AddToTrolley.jsp -->
                                    </div>  
                                
                    </div><!-- END priceTabContainer Add container --><!-- Subscribe container --><!-- Start AddToSubscriptionList.jspf --><!-- Start AddToSubscriptionList.jsp --><!-- End AddToSubscriptionList.jsp --><!-- End AddToSubscriptionList.jspf --> 
                </div>  
            </div>  
        </div>
    </div>     
    </div> 
    <div id="additionalItems_40369" class="additionalItems">
        <!-- BEGIN MerchandisingAssociationsDisplay.jsp --><!-- Start - JSP File Name:  MerchandisingAssociationsDisplay.jsp --><!-- END MerchandisingAssociationsDisplay.jsp -->  
    </div> 

<!-- END CatalogEntryThumbnailDisplay.jsp -->
                            </li>
                        
                            <li>
                                
                                                <div class="trolleySummary"><p class="saving">
                                                         <!-- %@ include file="../../include/PromotionStrapline.jspf"% -->
                                                </p></div>
                                            
                                                <div class="trolleySummary"><p class="saving">
                                                         <!-- %@ include file="../../include/PromotionStrapline.jspf"% -->
                                                </p></div>
                                            
                                                <div class="trolleySummary"><p class="saving">
                                                         <!-- %@ include file="../../include/PromotionStrapline.jspf"% -->
                                                </p></div>
                                            <!-- BEGIN CatalogEntryThumbnailDisplay.jsp -->
    <div class="product ">
        
        <div class="errorBanner hidden" id="error894006"></div>
                        
        
        <div class="productInner">
            <div class="productInfoWrapper">
                <div class="productInfo">
                    
                            <h3>
                                <a href="https://www.sainsburys.co.uk/shop/gb/groceries/product/details/pringles-sour-cream---onion-40g">
                                    Pringles Sour Cream &amp; Onion Crisps Can 40g
                                    <img src="https://assets.sainsburys-groceries.co.uk/gol/7754222/image.jpg" alt="">
                                </a>
                            </h3>
                        
<div class="promotion">

                        <p>
                            <a strapline="Meal Deal for Â£5.00 | 7754222" href="https://www.sainsburys.co.uk/shop/PromotionDisplayView?listId=2&amp;catalogId=10241&amp;productId=894006&amp;langId=44&amp;storeId=10151&amp;promotionId=10664136"><!-- BEGIN include/PromotionStrapline.jspf -->Meal Deal for Â£5.00<br>

<!-- FINISH include/PromotionStrapline.jspf -->
                            </a>
                        </p>
                    
                        <p>
                            <a strapline="Meal Deal for Â£3.75 | 7754222" href="https://www.sainsburys.co.uk/shop/PromotionDisplayView?listId=2&amp;catalogId=10241&amp;productId=894006&amp;langId=44&amp;storeId=10151&amp;promotionId=10669742">PLUS <!-- BEGIN include/PromotionStrapline.jspf -->Meal Deal for Â£3.75<br>

<!-- FINISH include/PromotionStrapline.jspf -->
                            </a>
                        </p>
                                
</div>

                    <div class="ThumbnailRoundel">
                    <!--ThumbnailRoundel --> 
                    </div>
                    <div class="promoBages">
                        <!-- PROMOTION -->
                    </div>


                    <!-- Review --><!-- BEGIN CatalogEntryRatingsReviewsInfo.jspf --><!-- productAllowedRatingsAndReviews: true -->
<div class="reviews">

    <a class="numberOfReviews" href="https://www.sainsburys.co.uk/shop/gb/groceries/product/details/pringles-sour-cream---onion-40g">
        <img src="//www.sainsburys.co.uk/wcsstore7.137.2/SainsburysStorefrontAssetStore/img/stars/rating-4_8.gif" alt="4.8036" border="0">&nbsp; 
        Reviews (112)
    </a>

</div>
<!-- END CatalogEntryRatingsReviewsInfo.jspf -->
                </div>
                <!--ThumbnailRestriction -->
            </div>
            
            <div class="addToTrolleytabBox">
            <!-- addToTrolleytabBox LIST VIEW--><!-- Start UserSubscribedOrNot.jspf --><!-- Start UserSubscribedOrNot.jsp --><!-- 
    If the user is not logged in, render this opening 
    DIV adding an addtional class to fix the border top which is removed 
    and replaced by the tabs
-->
<div class="addToTrolleytabContainer addItemBorderTop">
<!-- End AddToSubscriptionList.jsp --><!-- End AddSubscriptionList.jspf --><!-- 
                    ATTENTION!!!
                    <div class="addToTrolleytabContainer">
                    This opening div is inside "../../ReusableObjects/UserSubscribedOrNot.jsp"
                    -->
                <div class="pricingAndTrolleyOptions">  
                    <div class="priceTab activeContainer priceTabContainer" id="addItem_894007"> 
                        <div class="pricing">
                            
<p class="pricePerUnit">
Â£1.05 
</p>

<p class="pricePerMeasure">Â£2.63<abbr title="per">/</abbr>100<abbr title="gram"><span class="pricePerMeasureMeasure">g</span></abbr>
</p>

                                
                        </div>  
                          
                                    <div class="addToTrolleyForm ">   
                                        <!-- BEGIN AddToTrolley.jsp --><!-- fire an on add to bag here from  -->

<form class="addToTrolleyForm" name="OrderItemAddForm_894006" action="OrderItemAdd" method="post" id="OrderItemAddForm_894006">
    <input type="hidden" name="storeId" value="10151">
    <input type="hidden" name="langId" value="44">
    <input type="hidden" name="catalogId" value="10241">
    <input type="hidden" name="authToken" id="authToken894006" value="-1002%2C3jIiHU%2F3lFc4jalpGDAhYOztAdQ%3D">
    
    
    <input type="hidden" name="errorViewName" value="PromotionDisplayView">
    <input type="hidden" name="SKU_ID" value="7754222">
    <input type="hidden" name="itemType" value="">
    <input type="hidden" name="parentSKU" value="">
    
    
       <input type="hidden" id="productCatentryId_894007" value="894006">
       <input type="hidden" id="catEntryId_894006" value="894007">
       <input type="hidden" name="ItemSKU_ID" value="7754222">
     
        
        <div class="quantity hidden" id="updateQtyPanelProduct_894006" data-qty="">
            <ul>
                <li>
                    <a class="button decreaseQty " id="decreaseQty_894006" href="#">-</a> 
                </li>
                <li>	
                    <label class="access" for="quantity_894006">Quantity</label>						
                    <a href="#" class="button quantityPlp  " id="quantityUpdate_894006">
                        </a>
                    <input name="quantity" id="quantity_894006" type="hidden" size="3" value="" class="quantity">		        
                </li>
                <li>
                    
                    <a class="button increaseQty " id="increaseQty_894006" href="#">+</a>
                </li>
            </ul>
        </div>				
            
        
            <input type="hidden" name="catEntryId" value="894007">
        

        <input type="hidden" name="productId" value="894006">
        

    <input type="hidden" name="URL" value="https://www.sainsburys.co.uk/webapp/wcs/stores/servlet/PromotionDisplayView?listId=2&amp;catalogId=10241&amp;productId=1117540&amp;langId=44&amp;storeId=10151&amp;promotionId=10669742">
    <input type="hidden" name="page" value="">
    <input type="hidden" name="contractId" value="">
    <input type="hidden" name="calculateOrder" value="1">
    <input type="hidden" name="calculationUsage" value="-1,-2,-3">
    <input type="hidden" name="updateable" value="1">
    <input type="hidden" name="merge" value="***">

                                  
            <input type="hidden" id="updateUrl_894006" updateurlchild_894007="AjaxOrderItemUpdate?calculateOrder=1&amp;itemType=&amp;ordItemUpdateFlag=0&amp;orderId=.&amp;updatePrices=1&amp;authToken=-1002%252C3jIiHU%252F3lFc4jalpGDAhYOztAdQ%253D&amp;calculationUsage=-1,-2,-3&amp;storeId=10151&amp;errorViewName=AjaxQuickCartDisplay&amp;URL=AjaxQuickCartDisplay&amp;catEntryId=894007&amp;orderItemId_0=&amp;UOM_0=&amp;langId=44&amp;quantity_0=1">
            <input type="hidden" id="removeUrl_894006" removeurlchild_894007="AjaxOrderItemUpdate?calculateOrder=1&amp;itemType=&amp;productId=&amp;ordItemUpdateFlag=2&amp;orderId=.&amp;updatePrices=1&amp;authToken=-1002%252C3jIiHU%252F3lFc4jalpGDAhYOztAdQ%253D&amp;calculationUsage=-1,-2,-3&amp;storeId=10151&amp;errorViewName=AjaxQuickCartDisplay&amp;URL=AjaxQuickCartDisplay&amp;catEntryId=894007&amp;productSKU=&amp;orderItemId_0=&amp;qtyDecremented=true&amp;langId=44&amp;quantity_0=0">           
         
       <input type="hidden" name="callAjax" value="false">
       
    
    <div class="add2Cart " id="addQtyPanelProduct_894006">    
        
            <a class="button process addQty  " id="addQty_894006" href="#">
                Add
            </a>

            <input type="hidden" name="Add" value="Add">
        
    </div>

</form>
<!-- END AddToTrolley.jsp -->
                                    </div>  
                                
                    </div><!-- END priceTabContainer Add container --><!-- Subscribe container --><!-- Start AddToSubscriptionList.jspf --><!-- Start AddToSubscriptionList.jsp --><!-- End AddToSubscriptionList.jsp --><!-- End AddToSubscriptionList.jspf --> 
                </div>  
            </div>  
        </div>
    </div>     
    </div> 
    <div id="additionalItems_894007" class="additionalItems">
        <!-- BEGIN MerchandisingAssociationsDisplay.jsp --><!-- Start - JSP File Name:  MerchandisingAssociationsDisplay.jsp --><!-- END MerchandisingAssociationsDisplay.jsp -->  
    </div> 

<!-- END CatalogEntryThumbnailDisplay.jsp -->
                            </li>
                        
                            <li>
                                
                                                <div class="trolleySummary"><p class="saving">
                                                         <!-- %@ include file="../../include/PromotionStrapline.jspf"% -->
                                                </p></div>
                                            
                                                <div class="trolleySummary"><p class="saving">
                                                         <!-- %@ include file="../../include/PromotionStrapline.jspf"% -->
                                                </p></div>
                                            
                                                <div class="trolleySummary"><p class="saving">
                                                         <!-- %@ include file="../../include/PromotionStrapline.jspf"% -->
                                                </p></div>
                                            <!-- BEGIN CatalogEntryThumbnailDisplay.jsp -->
    <div class="product ">
        
        <div class="errorBanner hidden" id="error38800"></div>
                        
        
        <div class="productInner">
            <div class="productInfoWrapper">
                <div class="productInfo">
                    
                            <h3>
                                <a href="https://www.sainsburys.co.uk/shop/gb/groceries/product/details/cadbury-twirl-43g">
                                    Cadbury Twirl Chocolate Bar Single 43g
                                    <img src="https://assets.sainsburys-groceries.co.uk/gol/2517230/image.jpg" alt="">
                                </a>
                            </h3>
                        
<div class="promotion">

                        <p>
                            <a strapline="Meal Deal for Â£5.00 | 2517230" href="https://www.sainsburys.co.uk/shop/PromotionDisplayView?listId=2&amp;catalogId=10241&amp;productId=38800&amp;langId=44&amp;storeId=10151&amp;promotionId=10664136"><!-- BEGIN include/PromotionStrapline.jspf -->Meal Deal for Â£5.00<br>

<!-- FINISH include/PromotionStrapline.jspf -->
                            </a>
                        </p>
                    
                        <p>
                            <a strapline="Meal Deal for Â£3.75 | 2517230" href="https://www.sainsburys.co.uk/shop/PromotionDisplayView?listId=2&amp;catalogId=10241&amp;productId=38800&amp;langId=44&amp;storeId=10151&amp;promotionId=10669742">PLUS <!-- BEGIN include/PromotionStrapline.jspf -->Meal Deal for Â£3.75<br>

<!-- FINISH include/PromotionStrapline.jspf -->
                            </a>
                        </p>
                                
</div>

                    <div class="ThumbnailRoundel">
                    <!--ThumbnailRoundel --> 
                    </div>
                    <div class="promoBages">
                        <!-- PROMOTION -->
                    </div>


                    <!-- Review --><!-- BEGIN CatalogEntryRatingsReviewsInfo.jspf --><!-- productAllowedRatingsAndReviews: true -->
<div class="reviews">

    <a class="numberOfReviews" href="https://www.sainsburys.co.uk/shop/gb/groceries/product/details/cadbury-twirl-43g">
        <img src="//www.sainsburys.co.uk/wcsstore7.137.2/SainsburysStorefrontAssetStore/img/stars/rating-4_8.gif" alt="4.791" border="0">&nbsp; 
        Reviews (177)
    </a>

</div>
<!-- END CatalogEntryRatingsReviewsInfo.jspf -->
                </div>
                <!--ThumbnailRestriction -->
            </div>
            
            <div class="addToTrolleytabBox">
            <!-- addToTrolleytabBox LIST VIEW--><!-- Start UserSubscribedOrNot.jspf --><!-- Start UserSubscribedOrNot.jsp --><!-- 
    If the user is not logged in, render this opening 
    DIV adding an addtional class to fix the border top which is removed 
    and replaced by the tabs
-->
<div class="addToTrolleytabContainer addItemBorderTop">
<!-- End AddToSubscriptionList.jsp --><!-- End AddSubscriptionList.jspf --><!-- 
                    ATTENTION!!!
                    <div class="addToTrolleytabContainer">
                    This opening div is inside "../../ReusableObjects/UserSubscribedOrNot.jsp"
                    -->
                <div class="pricingAndTrolleyOptions">  
                    <div class="priceTab activeContainer priceTabContainer" id="addItem_38801"> 
                        <div class="pricing">
                            
<p class="pricePerUnit">
Â£1.05 
</p>

<p class="pricePerMeasure">Â£2.44<abbr title="per">/</abbr>100<abbr title="gram"><span class="pricePerMeasureMeasure">g</span></abbr>
</p>

                                
                        </div>  
                          
                                    <div class="addToTrolleyForm ">   
                                        <!-- BEGIN AddToTrolley.jsp --><!-- fire an on add to bag here from  -->

<form class="addToTrolleyForm" name="OrderItemAddForm_38800" action="OrderItemAdd" method="post" id="OrderItemAddForm_38800">
    <input type="hidden" name="storeId" value="10151">
    <input type="hidden" name="langId" value="44">
    <input type="hidden" name="catalogId" value="10241">
    <input type="hidden" name="authToken" id="authToken38800" value="-1002%2C3jIiHU%2F3lFc4jalpGDAhYOztAdQ%3D">
    
    
    <input type="hidden" name="errorViewName" value="PromotionDisplayView">
    <input type="hidden" name="SKU_ID" value="2517230">
    <input type="hidden" name="itemType" value="">
    <input type="hidden" name="parentSKU" value="">
    
    
       <input type="hidden" id="productCatentryId_38801" value="38800">
       <input type="hidden" id="catEntryId_38800" value="38801">
       <input type="hidden" name="ItemSKU_ID" value="2517230">
     
        
        <div class="quantity hidden" id="updateQtyPanelProduct_38800" data-qty="">
            <ul>
                <li>
                    <a class="button decreaseQty " id="decreaseQty_38800" href="#">-</a> 
                </li>
                <li>	
                    <label class="access" for="quantity_38800">Quantity</label>						
                    <a href="#" class="button quantityPlp  " id="quantityUpdate_38800">
                        </a>
                    <input name="quantity" id="quantity_38800" type="hidden" size="3" value="" class="quantity">		        
                </li>
                <li>
                    
                    <a class="button increaseQty " id="increaseQty_38800" href="#">+</a>
                </li>
            </ul>
        </div>				
            
        
            <input type="hidden" name="catEntryId" value="38801">
        

        <input type="hidden" name="productId" value="38800">
        

    <input type="hidden" name="URL" value="https://www.sainsburys.co.uk/webapp/wcs/stores/servlet/PromotionDisplayView?listId=2&amp;catalogId=10241&amp;productId=1117540&amp;langId=44&amp;storeId=10151&amp;promotionId=10669742">
    <input type="hidden" name="page" value="">
    <input type="hidden" name="contractId" value="">
    <input type="hidden" name="calculateOrder" value="1">
    <input type="hidden" name="calculationUsage" value="-1,-2,-3">
    <input type="hidden" name="updateable" value="1">
    <input type="hidden" name="merge" value="***">

                                  
            <input type="hidden" id="updateUrl_38800" updateurlchild_38801="AjaxOrderItemUpdate?calculateOrder=1&amp;itemType=&amp;ordItemUpdateFlag=0&amp;orderId=.&amp;updatePrices=1&amp;authToken=-1002%252C3jIiHU%252F3lFc4jalpGDAhYOztAdQ%253D&amp;calculationUsage=-1,-2,-3&amp;storeId=10151&amp;errorViewName=AjaxQuickCartDisplay&amp;URL=AjaxQuickCartDisplay&amp;catEntryId=38801&amp;orderItemId_0=&amp;UOM_0=&amp;langId=44&amp;quantity_0=1">
            <input type="hidden" id="removeUrl_38800" removeurlchild_38801="AjaxOrderItemUpdate?calculateOrder=1&amp;itemType=&amp;productId=&amp;ordItemUpdateFlag=2&amp;orderId=.&amp;updatePrices=1&amp;authToken=-1002%252C3jIiHU%252F3lFc4jalpGDAhYOztAdQ%253D&amp;calculationUsage=-1,-2,-3&amp;storeId=10151&amp;errorViewName=AjaxQuickCartDisplay&amp;URL=AjaxQuickCartDisplay&amp;catEntryId=38801&amp;productSKU=&amp;orderItemId_0=&amp;qtyDecremented=true&amp;langId=44&amp;quantity_0=0">           
         
       <input type="hidden" name="callAjax" value="false">
       
    
    <div class="add2Cart " id="addQtyPanelProduct_38800">    
        
            <a class="button process addQty  " id="addQty_38800" href="#">
                Add
            </a>

            <input type="hidden" name="Add" value="Add">
        
    </div>

</form>
<!-- END AddToTrolley.jsp -->
                                    </div>  
                                
                    </div><!-- END priceTabContainer Add container --><!-- Subscribe container --><!-- Start AddToSubscriptionList.jspf --><!-- Start AddToSubscriptionList.jsp --><!-- End AddToSubscriptionList.jsp --><!-- End AddToSubscriptionList.jspf --> 
                </div>  
            </div>  
        </div>
    </div>     
    </div> 
    <div id="additionalItems_38801" class="additionalItems">
        <!-- BEGIN MerchandisingAssociationsDisplay.jsp --><!-- Start - JSP File Name:  MerchandisingAssociationsDisplay.jsp --><!-- END MerchandisingAssociationsDisplay.jsp -->  
    </div> 

<!-- END CatalogEntryThumbnailDisplay.jsp -->
                            </li>
                        
                            <li>
                                
                                                <div class="trolleySummary"><p class="saving">
                                                         <!-- %@ include file="../../include/PromotionStrapline.jspf"% -->
                                                </p></div>
                                            
                                                <div class="trolleySummary"><p class="saving">
                                                         <!-- %@ include file="../../include/PromotionStrapline.jspf"% -->
                                                </p></div>
                                            
                                                <div class="trolleySummary"><p class="saving">
                                                         <!-- %@ include file="../../include/PromotionStrapline.jspf"% -->
                                                </p></div>
                                            <!-- BEGIN CatalogEntryThumbnailDisplay.jsp -->
    <div class="product ">
        
        <div class="errorBanner hidden" id="error39216"></div>
                        
        
        <div class="productInner">
            <div class="productInfoWrapper">
                <div class="productInfo">
                    
                            <h3>
                                <a href="https://www.sainsburys.co.uk/shop/gb/groceries/product/details/cadbury-dairy-milk-chocolate-45g">
                                    Cadbury Dairy Milk Chocolate Bar 45g
                                    <img src="https://assets.sainsburys-groceries.co.uk/gol/3321003/image.jpg" alt="">
                                </a>
                            </h3>
                        
<div class="promotion">

                        <p>
                            <a strapline="Meal Deal for Â£5.00 | 3321003" href="https://www.sainsburys.co.uk/shop/PromotionDisplayView?listId=2&amp;catalogId=10241&amp;productId=39216&amp;langId=44&amp;storeId=10151&amp;promotionId=10664136"><!-- BEGIN include/PromotionStrapline.jspf -->Meal Deal for Â£5.00<br>

<!-- FINISH include/PromotionStrapline.jspf -->
                            </a>
                        </p>
                    
                        <p>
                            <a strapline="Meal Deal for Â£3.75 | 3321003" href="https://www.sainsburys.co.uk/shop/PromotionDisplayView?listId=2&amp;catalogId=10241&amp;productId=39216&amp;langId=44&amp;storeId=10151&amp;promotionId=10669742">PLUS <!-- BEGIN include/PromotionStrapline.jspf -->Meal Deal for Â£3.75<br>

<!-- FINISH include/PromotionStrapline.jspf -->
                            </a>
                        </p>
                                
</div>

                    <div class="ThumbnailRoundel">
                    <!--ThumbnailRoundel --> 
                    </div>
                    <div class="promoBages">
                        <!-- PROMOTION -->
                    </div>


                    <!-- Review --><!-- BEGIN CatalogEntryRatingsReviewsInfo.jspf --><!-- productAllowedRatingsAndReviews: true -->
<div class="reviews">

    <a class="numberOfReviews" href="https://www.sainsburys.co.uk/shop/gb/groceries/product/details/cadbury-dairy-milk-chocolate-45g">
        <img src="//www.sainsburys.co.uk/wcsstore7.137.2/SainsburysStorefrontAssetStore/img/stars/rating-4_7.gif" alt="4.726" border="0">&nbsp; 
        Reviews (73)
    </a>

</div>
<!-- END CatalogEntryRatingsReviewsInfo.jspf -->
                </div>
                <!--ThumbnailRestriction -->
            </div>
            
            <div class="addToTrolleytabBox">
            <!-- addToTrolleytabBox LIST VIEW--><!-- Start UserSubscribedOrNot.jspf --><!-- Start UserSubscribedOrNot.jsp --><!-- 
    If the user is not logged in, render this opening 
    DIV adding an addtional class to fix the border top which is removed 
    and replaced by the tabs
-->
<div class="addToTrolleytabContainer addItemBorderTop">
<!-- End AddToSubscriptionList.jsp --><!-- End AddSubscriptionList.jspf --><!-- 
                    ATTENTION!!!
                    <div class="addToTrolleytabContainer">
                    This opening div is inside "../../ReusableObjects/UserSubscribedOrNot.jsp"
                    -->
                <div class="pricingAndTrolleyOptions">  
                    <div class="priceTab activeContainer priceTabContainer" id="addItem_39217"> 
                        <div class="pricing">
                            
<p class="pricePerUnit">
Â£1.05 
</p>

<p class="pricePerMeasure">Â£2.33<abbr title="per">/</abbr>100<abbr title="gram"><span class="pricePerMeasureMeasure">g</span></abbr>
</p>

                                
                        </div>  
                          
                                    <div class="addToTrolleyForm ">   
                                        <!-- BEGIN AddToTrolley.jsp --><!-- fire an on add to bag here from  -->

<form class="addToTrolleyForm" name="OrderItemAddForm_39216" action="OrderItemAdd" method="post" id="OrderItemAddForm_39216">
    <input type="hidden" name="storeId" value="10151">
    <input type="hidden" name="langId" value="44">
    <input type="hidden" name="catalogId" value="10241">
    <input type="hidden" name="authToken" id="authToken39216" value="-1002%2C3jIiHU%2F3lFc4jalpGDAhYOztAdQ%3D">
    
    
    <input type="hidden" name="errorViewName" value="PromotionDisplayView">
    <input type="hidden" name="SKU_ID" value="3321003">
    <input type="hidden" name="itemType" value="">
    <input type="hidden" name="parentSKU" value="">
    
    
       <input type="hidden" id="productCatentryId_39217" value="39216">
       <input type="hidden" id="catEntryId_39216" value="39217">
       <input type="hidden" name="ItemSKU_ID" value="3321003">
     
        
        <div class="quantity hidden" id="updateQtyPanelProduct_39216" data-qty="">
            <ul>
                <li>
                    <a class="button decreaseQty " id="decreaseQty_39216" href="#">-</a> 
                </li>
                <li>	
                    <label class="access" for="quantity_39216">Quantity</label>						
                    <a href="#" class="button quantityPlp  " id="quantityUpdate_39216">
                        </a>
                    <input name="quantity" id="quantity_39216" type="hidden" size="3" value="" class="quantity">		        
                </li>
                <li>
                    
                    <a class="button increaseQty " id="increaseQty_39216" href="#">+</a>
                </li>
            </ul>
        </div>				
            
        
            <input type="hidden" name="catEntryId" value="39217">
        

        <input type="hidden" name="productId" value="39216">
        

    <input type="hidden" name="URL" value="https://www.sainsburys.co.uk/webapp/wcs/stores/servlet/PromotionDisplayView?listId=2&amp;catalogId=10241&amp;productId=1117540&amp;langId=44&amp;storeId=10151&amp;promotionId=10669742">
    <input type="hidden" name="page" value="">
    <input type="hidden" name="contractId" value="">
    <input type="hidden" name="calculateOrder" value="1">
    <input type="hidden" name="calculationUsage" value="-1,-2,-3">
    <input type="hidden" name="updateable" value="1">
    <input type="hidden" name="merge" value="***">

                                  
            <input type="hidden" id="updateUrl_39216" updateurlchild_39217="AjaxOrderItemUpdate?calculateOrder=1&amp;itemType=&amp;ordItemUpdateFlag=0&amp;orderId=.&amp;updatePrices=1&amp;authToken=-1002%252C3jIiHU%252F3lFc4jalpGDAhYOztAdQ%253D&amp;calculationUsage=-1,-2,-3&amp;storeId=10151&amp;errorViewName=AjaxQuickCartDisplay&amp;URL=AjaxQuickCartDisplay&amp;catEntryId=39217&amp;orderItemId_0=&amp;UOM_0=&amp;langId=44&amp;quantity_0=1">
            <input type="hidden" id="removeUrl_39216" removeurlchild_39217="AjaxOrderItemUpdate?calculateOrder=1&amp;itemType=&amp;productId=&amp;ordItemUpdateFlag=2&amp;orderId=.&amp;updatePrices=1&amp;authToken=-1002%252C3jIiHU%252F3lFc4jalpGDAhYOztAdQ%253D&amp;calculationUsage=-1,-2,-3&amp;storeId=10151&amp;errorViewName=AjaxQuickCartDisplay&amp;URL=AjaxQuickCartDisplay&amp;catEntryId=39217&amp;productSKU=&amp;orderItemId_0=&amp;qtyDecremented=true&amp;langId=44&amp;quantity_0=0">           
         
       <input type="hidden" name="callAjax" value="false">
       
    
    <div class="add2Cart " id="addQtyPanelProduct_39216">    
        
            <a class="button process addQty  " id="addQty_39216" href="#">
                Add
            </a>

            <input type="hidden" name="Add" value="Add">
        
    </div>

</form>
<!-- END AddToTrolley.jsp -->
                                    </div>  
                                
                    </div><!-- END priceTabContainer Add container --><!-- Subscribe container --><!-- Start AddToSubscriptionList.jspf --><!-- Start AddToSubscriptionList.jsp --><!-- End AddToSubscriptionList.jsp --><!-- End AddToSubscriptionList.jspf --> 
                </div>  
            </div>  
        </div>
    </div>     
    </div> 
    <div id="additionalItems_39217" class="additionalItems">
        <!-- BEGIN MerchandisingAssociationsDisplay.jsp --><!-- Start - JSP File Name:  MerchandisingAssociationsDisplay.jsp --><!-- END MerchandisingAssociationsDisplay.jsp -->  
    </div> 

<!-- END CatalogEntryThumbnailDisplay.jsp -->
                            </li>
                        
                            <li>
                                
                                                <div class="trolleySummary"><p class="saving">
                                                         <!-- %@ include file="../../include/PromotionStrapline.jspf"% -->
                                                </p></div>
                                            
                                                <div class="trolleySummary"><p class="saving">
                                                         <!-- %@ include file="../../include/PromotionStrapline.jspf"% -->
                                                </p></div>
                                            
                                                <div class="trolleySummary"><p class="saving">
                                                         <!-- %@ include file="../../include/PromotionStrapline.jspf"% -->
                                                </p></div>
                                            <!-- BEGIN CatalogEntryThumbnailDisplay.jsp -->
    <div class="product ">
        
        <div class="errorBanner hidden" id="error35666"></div>
                        
        
        <div class="productInner">
            <div class="productInfoWrapper">
                <div class="productInfo">
                    
                            <h3>
                                <a href="https://www.sainsburys.co.uk/shop/gb/groceries/product/details/sainsburys-toasted-sunflower---pumpkin-seeds-30g">
                                    Sainsbury's Toasted Sunflower &amp; Pumpkin Seed Mix 30g
                                    <img src="https://assets.sainsburys-groceries.co.uk/gol/7616833/image.jpg" alt="">
                                </a>
                            </h3>
                        
<div class="promotion">

                        <p>
                            <a strapline="Only 60p: Save 10p | 7616833" href="https://www.sainsburys.co.uk/shop/PromotionDisplayView?catalogId=10241&amp;productId=35666&amp;langId=44&amp;storeId=10151&amp;promotionId=10669908"><!-- BEGIN include/PromotionStrapline.jspf -->Only 60p: Save 10p<br>

<!-- FINISH include/PromotionStrapline.jspf -->
                            </a>
                        </p>
                    
                        <p>
                            <a strapline="Meal Deal for Â£5.00 | 7616833" href="https://www.sainsburys.co.uk/shop/PromotionDisplayView?listId=2&amp;catalogId=10241&amp;productId=35666&amp;langId=44&amp;storeId=10151&amp;promotionId=10664136">PLUS <!-- BEGIN include/PromotionStrapline.jspf -->Meal Deal for Â£5.00<br>

<!-- FINISH include/PromotionStrapline.jspf -->
                            </a>
                        </p>
                    
                        <p>
                            <a strapline="Meal Deal for Â£3.75 | 7616833" href="https://www.sainsburys.co.uk/shop/PromotionDisplayView?listId=2&amp;catalogId=10241&amp;productId=35666&amp;langId=44&amp;storeId=10151&amp;promotionId=10669742">PLUS <!-- BEGIN include/PromotionStrapline.jspf -->Meal Deal for Â£3.75<br>

<!-- FINISH include/PromotionStrapline.jspf -->
                            </a>
                        </p>
                                
</div>

                    <div class="ThumbnailRoundel">
                    <!--ThumbnailRoundel --> 
                    </div>
                    <div class="promoBages">
                        <!-- PROMOTION -->
                    </div>


                    <!-- Review --><!-- BEGIN CatalogEntryRatingsReviewsInfo.jspf --><!-- productAllowedRatingsAndReviews: true -->
<div class="reviews">

    <a class="numberOfReviews" href="https://www.sainsburys.co.uk/shop/gb/groceries/product/details/sainsburys-toasted-sunflower---pumpkin-seeds-30g">
        <img src="//www.sainsburys.co.uk/wcsstore7.137.2/SainsburysStorefrontAssetStore/img/stars/rating-3_6.gif" alt="3.6" border="0">&nbsp; 
        Reviews (5)
    </a>

</div>
<!-- END CatalogEntryRatingsReviewsInfo.jspf -->
                </div>
                <!--ThumbnailRestriction -->
            </div>
            
            <div class="addToTrolleytabBox">
            <!-- addToTrolleytabBox LIST VIEW--><!-- Start UserSubscribedOrNot.jspf --><!-- Start UserSubscribedOrNot.jsp --><!-- 
    If the user is not logged in, render this opening 
    DIV adding an addtional class to fix the border top which is removed 
    and replaced by the tabs
-->
<div class="addToTrolleytabContainer addItemBorderTop">
<!-- End AddToSubscriptionList.jsp --><!-- End AddSubscriptionList.jspf --><!-- 
                    ATTENTION!!!
                    <div class="addToTrolleytabContainer">
                    This opening div is inside "../../ReusableObjects/UserSubscribedOrNot.jsp"
                    -->
                <div class="pricingAndTrolleyOptions">  
                    <div class="priceTab activeContainer priceTabContainer" id="addItem_35667"> 
                        <div class="pricing">
                            
<p class="pricePerUnit">
60p 
</p>

<p class="pricePerMeasure">Â£2.00<abbr title="per">/</abbr>100<abbr title="gram"><span class="pricePerMeasureMeasure">g</span></abbr>
</p>

                                
                        </div>  
                          
                                    <div class="addToTrolleyForm ">   
                                        <!-- BEGIN AddToTrolley.jsp --><!-- fire an on add to bag here from  -->

<form class="addToTrolleyForm" name="OrderItemAddForm_35666" action="OrderItemAdd" method="post" id="OrderItemAddForm_35666">
    <input type="hidden" name="storeId" value="10151">
    <input type="hidden" name="langId" value="44">
    <input type="hidden" name="catalogId" value="10241">
    <input type="hidden" name="authToken" id="authToken35666" value="-1002%2C3jIiHU%2F3lFc4jalpGDAhYOztAdQ%3D">
    
    
    <input type="hidden" name="errorViewName" value="PromotionDisplayView">
    <input type="hidden" name="SKU_ID" value="7616833">
    <input type="hidden" name="itemType" value="">
    <input type="hidden" name="parentSKU" value="">
    
    
       <input type="hidden" id="productCatentryId_35667" value="35666">
       <input type="hidden" id="catEntryId_35666" value="35667">
       <input type="hidden" name="ItemSKU_ID" value="7616833">
     
        
        <div class="quantity hidden" id="updateQtyPanelProduct_35666" data-qty="">
            <ul>
                <li>
                    <a class="button decreaseQty " id="decreaseQty_35666" href="#">-</a> 
                </li>
                <li>	
                    <label class="access" for="quantity_35666">Quantity</label>						
                    <a href="#" class="button quantityPlp  " id="quantityUpdate_35666">
                        </a>
                    <input name="quantity" id="quantity_35666" type="hidden" size="3" value="" class="quantity">		        
                </li>
                <li>
                    
                    <a class="button increaseQty " id="increaseQty_35666" href="#">+</a>
                </li>
            </ul>
        </div>				
            
        
            <input type="hidden" name="catEntryId" value="35667">
        

        <input type="hidden" name="productId" value="35666">
        

    <input type="hidden" name="URL" value="https://www.sainsburys.co.uk/webapp/wcs/stores/servlet/PromotionDisplayView?listId=2&amp;catalogId=10241&amp;productId=1117540&amp;langId=44&amp;storeId=10151&amp;promotionId=10669742">
    <input type="hidden" name="page" value="">
    <input type="hidden" name="contractId" value="">
    <input type="hidden" name="calculateOrder" value="1">
    <input type="hidden" name="calculationUsage" value="-1,-2,-3">
    <input type="hidden" name="updateable" value="1">
    <input type="hidden" name="merge" value="***">

                                  
            <input type="hidden" id="updateUrl_35666" updateurlchild_35667="AjaxOrderItemUpdate?calculateOrder=1&amp;itemType=&amp;ordItemUpdateFlag=0&amp;orderId=.&amp;updatePrices=1&amp;authToken=-1002%252C3jIiHU%252F3lFc4jalpGDAhYOztAdQ%253D&amp;calculationUsage=-1,-2,-3&amp;storeId=10151&amp;errorViewName=AjaxQuickCartDisplay&amp;URL=AjaxQuickCartDisplay&amp;catEntryId=35667&amp;orderItemId_0=&amp;UOM_0=&amp;langId=44&amp;quantity_0=1">
            <input type="hidden" id="removeUrl_35666" removeurlchild_35667="AjaxOrderItemUpdate?calculateOrder=1&amp;itemType=&amp;productId=&amp;ordItemUpdateFlag=2&amp;orderId=.&amp;updatePrices=1&amp;authToken=-1002%252C3jIiHU%252F3lFc4jalpGDAhYOztAdQ%253D&amp;calculationUsage=-1,-2,-3&amp;storeId=10151&amp;errorViewName=AjaxQuickCartDisplay&amp;URL=AjaxQuickCartDisplay&amp;catEntryId=35667&amp;productSKU=&amp;orderItemId_0=&amp;qtyDecremented=true&amp;langId=44&amp;quantity_0=0">           
         
       <input type="hidden" name="callAjax" value="false">
       
    
    <div class="add2Cart " id="addQtyPanelProduct_35666">    
        
            <a class="button process addQty  " id="addQty_35666" href="#">
                Add
            </a>

            <input type="hidden" name="Add" value="Add">
        
    </div>

</form>
<!-- END AddToTrolley.jsp -->
                                    </div>  
                                
                    </div><!-- END priceTabContainer Add container --><!-- Subscribe container --><!-- Start AddToSubscriptionList.jspf --><!-- Start AddToSubscriptionList.jsp --><!-- End AddToSubscriptionList.jsp --><!-- End AddToSubscriptionList.jspf --> 
                </div>  
            </div>  
        </div>
    </div>     
    </div> 
    <div id="additionalItems_35667" class="additionalItems">
        <!-- BEGIN MerchandisingAssociationsDisplay.jsp --><!-- Start - JSP File Name:  MerchandisingAssociationsDisplay.jsp --><!-- END MerchandisingAssociationsDisplay.jsp -->  
    </div> 

<!-- END CatalogEntryThumbnailDisplay.jsp -->
                            </li>
                        
                            <li>
                                
                                                <div class="trolleySummary"><p class="saving">
                                                         <!-- %@ include file="../../include/PromotionStrapline.jspf"% -->
                                                </p></div>
                                            
                                                <div class="trolleySummary"><p class="saving">
                                                         <!-- %@ include file="../../include/PromotionStrapline.jspf"% -->
                                                </p></div>
                                            
                                                <div class="trolleySummary"><p class="saving">
                                                         <!-- %@ include file="../../include/PromotionStrapline.jspf"% -->
                                                </p></div>
                                            <!-- BEGIN CatalogEntryThumbnailDisplay.jsp -->
    <div class="product ">
        
        <div class="errorBanner hidden" id="error1131432"></div>
                        
        
        <div class="productInner">
            <div class="productInfoWrapper">
                <div class="productInfo">
                    
                            <h3>
                                <a href="https://www.sainsburys.co.uk/shop/gb/groceries/product/details/walkers-quavers-cheese-crisp-snacks-34g">
                                    Walkers Quavers Cheese Crisp Snacks 34g
                                    <img src="https://assets.sainsburys-groceries.co.uk/gol/7860732/image.jpg" alt="">
                                </a>
                            </h3>
                        
<div class="promotion">

                        <p>
                            <a strapline="Meal Deal for Â£5.00 | 7860732" href="https://www.sainsburys.co.uk/shop/PromotionDisplayView?listId=2&amp;catalogId=10241&amp;productId=1131432&amp;langId=44&amp;storeId=10151&amp;promotionId=10664136"><!-- BEGIN include/PromotionStrapline.jspf -->Meal Deal for Â£5.00<br>

<!-- FINISH include/PromotionStrapline.jspf -->
                            </a>
                        </p>
                    
                        <p>
                            <a strapline="Meal Deal for Â£3.75 | 7860732" href="https://www.sainsburys.co.uk/shop/PromotionDisplayView?listId=2&amp;catalogId=10241&amp;productId=1131432&amp;langId=44&amp;storeId=10151&amp;promotionId=10669742">PLUS <!-- BEGIN include/PromotionStrapline.jspf -->Meal Deal for Â£3.75<br>

<!-- FINISH include/PromotionStrapline.jspf -->
                            </a>
                        </p>
                                
</div>

                    <div class="ThumbnailRoundel">
                    <!--ThumbnailRoundel --> 
                    </div>
                    <div class="promoBages">
                        <!-- PROMOTION -->
                    </div>


                    <!-- Review --><!-- BEGIN CatalogEntryRatingsReviewsInfo.jspf --><!-- productAllowedRatingsAndReviews: true -->
<div class="reviews">

    <a class="numberOfReviews" href="https://www.sainsburys.co.uk/shop/gb/groceries/product/details/walkers-quavers-cheese-crisp-snacks-34g">
        <img src="//www.sainsburys.co.uk/wcsstore7.137.2/SainsburysStorefrontAssetStore/img/stars/rating-4_7.gif" alt="4.6667" border="0">&nbsp; 
        Reviews (57)
    </a>

</div>
<!-- END CatalogEntryRatingsReviewsInfo.jspf -->
                </div>
                <!--ThumbnailRestriction -->
            </div>
            
            <div class="addToTrolleytabBox">
            <!-- addToTrolleytabBox LIST VIEW--><!-- Start UserSubscribedOrNot.jspf --><!-- Start UserSubscribedOrNot.jsp --><!-- 
    If the user is not logged in, render this opening 
    DIV adding an addtional class to fix the border top which is removed 
    and replaced by the tabs
-->
<div class="addToTrolleytabContainer addItemBorderTop">
<!-- End AddToSubscriptionList.jsp --><!-- End AddSubscriptionList.jspf --><!-- 
                    ATTENTION!!!
                    <div class="addToTrolleytabContainer">
                    This opening div is inside "../../ReusableObjects/UserSubscribedOrNot.jsp"
                    -->
                <div class="pricingAndTrolleyOptions">  
                    <div class="priceTab activeContainer priceTabContainer" id="addItem_1131433"> 
                        <div class="pricing">
                            
<p class="pricePerUnit">
Â£1.10 
</p>

<p class="pricePerMeasure">Â£3.24<abbr title="per">/</abbr>100<abbr title="gram"><span class="pricePerMeasureMeasure">g</span></abbr>
</p>

                                
                        </div>  
                          
                                    <div class="addToTrolleyForm ">   
                                        <!-- BEGIN AddToTrolley.jsp --><!-- fire an on add to bag here from  -->

<form class="addToTrolleyForm" name="OrderItemAddForm_1131432" action="OrderItemAdd" method="post" id="OrderItemAddForm_1131432">
    <input type="hidden" name="storeId" value="10151">
    <input type="hidden" name="langId" value="44">
    <input type="hidden" name="catalogId" value="10241">
    <input type="hidden" name="authToken" id="authToken1131432" value="-1002%2C3jIiHU%2F3lFc4jalpGDAhYOztAdQ%3D">
    
    
    <input type="hidden" name="errorViewName" value="PromotionDisplayView">
    <input type="hidden" name="SKU_ID" value="7860732">
    <input type="hidden" name="itemType" value="">
    <input type="hidden" name="parentSKU" value="">
    
    
       <input type="hidden" id="productCatentryId_1131433" value="1131432">
       <input type="hidden" id="catEntryId_1131432" value="1131433">
       <input type="hidden" name="ItemSKU_ID" value="7860732">
     
        
        <div class="quantity hidden" id="updateQtyPanelProduct_1131432" data-qty="">
            <ul>
                <li>
                    <a class="button decreaseQty " id="decreaseQty_1131432" href="#">-</a> 
                </li>
                <li>	
                    <label class="access" for="quantity_1131432">Quantity</label>						
                    <a href="#" class="button quantityPlp  " id="quantityUpdate_1131432">
                        </a>
                    <input name="quantity" id="quantity_1131432" type="hidden" size="3" value="" class="quantity">		        
                </li>
                <li>
                    
                    <a class="button increaseQty " id="increaseQty_1131432" href="#">+</a>
                </li>
            </ul>
        </div>				
            
        
            <input type="hidden" name="catEntryId" value="1131433">
        

        <input type="hidden" name="productId" value="1131432">
        

    <input type="hidden" name="URL" value="https://www.sainsburys.co.uk/webapp/wcs/stores/servlet/PromotionDisplayView?listId=2&amp;catalogId=10241&amp;productId=1117540&amp;langId=44&amp;storeId=10151&amp;promotionId=10669742">
    <input type="hidden" name="page" value="">
    <input type="hidden" name="contractId" value="">
    <input type="hidden" name="calculateOrder" value="1">
    <input type="hidden" name="calculationUsage" value="-1,-2,-3">
    <input type="hidden" name="updateable" value="1">
    <input type="hidden" name="merge" value="***">

                                  
            <input type="hidden" id="updateUrl_1131432" updateurlchild_1131433="AjaxOrderItemUpdate?calculateOrder=1&amp;itemType=&amp;ordItemUpdateFlag=0&amp;orderId=.&amp;updatePrices=1&amp;authToken=-1002%252C3jIiHU%252F3lFc4jalpGDAhYOztAdQ%253D&amp;calculationUsage=-1,-2,-3&amp;storeId=10151&amp;errorViewName=AjaxQuickCartDisplay&amp;URL=AjaxQuickCartDisplay&amp;catEntryId=1131433&amp;orderItemId_0=&amp;UOM_0=&amp;langId=44&amp;quantity_0=1">
            <input type="hidden" id="removeUrl_1131432" removeurlchild_1131433="AjaxOrderItemUpdate?calculateOrder=1&amp;itemType=&amp;productId=&amp;ordItemUpdateFlag=2&amp;orderId=.&amp;updatePrices=1&amp;authToken=-1002%252C3jIiHU%252F3lFc4jalpGDAhYOztAdQ%253D&amp;calculationUsage=-1,-2,-3&amp;storeId=10151&amp;errorViewName=AjaxQuickCartDisplay&amp;URL=AjaxQuickCartDisplay&amp;catEntryId=1131433&amp;productSKU=&amp;orderItemId_0=&amp;qtyDecremented=true&amp;langId=44&amp;quantity_0=0">           
         
       <input type="hidden" name="callAjax" value="false">
       
    
    <div class="add2Cart " id="addQtyPanelProduct_1131432">    
        
            <a class="button process addQty  " id="addQty_1131432" href="#">
                Add
            </a>

            <input type="hidden" name="Add" value="Add">
        
    </div>

</form>
<!-- END AddToTrolley.jsp -->
                                    </div>  
                                
                    </div><!-- END priceTabContainer Add container --><!-- Subscribe container --><!-- Start AddToSubscriptionList.jspf --><!-- Start AddToSubscriptionList.jsp --><!-- End AddToSubscriptionList.jsp --><!-- End AddToSubscriptionList.jspf --> 
                </div>  
            </div>  
        </div>
    </div>     
    </div> 
    <div id="additionalItems_1131433" class="additionalItems">
        <!-- BEGIN MerchandisingAssociationsDisplay.jsp --><!-- Start - JSP File Name:  MerchandisingAssociationsDisplay.jsp --><!-- END MerchandisingAssociationsDisplay.jsp -->  
    </div> 

<!-- END CatalogEntryThumbnailDisplay.jsp -->
                            </li>
                        
                            <li>
                                
                                                <div class="trolleySummary"><p class="saving">
                                                         <!-- %@ include file="../../include/PromotionStrapline.jspf"% -->
                                                </p></div>
                                            
                                                <div class="trolleySummary"><p class="saving">
                                                         <!-- %@ include file="../../include/PromotionStrapline.jspf"% -->
                                                </p></div>
                                            
                                                <div class="trolleySummary"><p class="saving">
                                                         <!-- %@ include file="../../include/PromotionStrapline.jspf"% -->
                                                </p></div>
                                            <!-- BEGIN CatalogEntryThumbnailDisplay.jsp -->
    <div class="product ">
        
        <div class="errorBanner hidden" id="error812322"></div>
                        
        
        <div class="productInner">
            <div class="productInfoWrapper">
                <div class="productInfo">
                    
                            <h3>
                                <a href="https://www.sainsburys.co.uk/shop/gb/groceries/product/details/kit-kat-chunky-peanut-butter-chocolate-bar-42g-7731117-p">
                                    KitKat Chunky Peanut Butter Milk Chocolate Bar 42g
                                    <img src="https://assets.sainsburys-groceries.co.uk/gol/7731117/image.jpg" alt="">
                                </a>
                            </h3>
                        
<div class="promotion">

                        <p>
                            <a strapline="Meal Deal for Â£5.00 | 7731117" href="https://www.sainsburys.co.uk/shop/PromotionDisplayView?listId=2&amp;catalogId=10241&amp;productId=812322&amp;langId=44&amp;storeId=10151&amp;promotionId=10664136"><!-- BEGIN include/PromotionStrapline.jspf -->Meal Deal for Â£5.00<br>

<!-- FINISH include/PromotionStrapline.jspf -->
                            </a>
                        </p>
                    
                        <p>
                            <a strapline="Meal Deal for Â£3.75 | 7731117" href="https://www.sainsburys.co.uk/shop/PromotionDisplayView?listId=2&amp;catalogId=10241&amp;productId=812322&amp;langId=44&amp;storeId=10151&amp;promotionId=10669742">PLUS <!-- BEGIN include/PromotionStrapline.jspf -->Meal Deal for Â£3.75<br>

<!-- FINISH include/PromotionStrapline.jspf -->
                            </a>
                        </p>
                                
</div>

                    <div class="ThumbnailRoundel">
                    <!--ThumbnailRoundel --> 
                    </div>
                    <div class="promoBages">
                        <!-- PROMOTION -->
                    </div>


                    <!-- Review --><!-- BEGIN CatalogEntryRatingsReviewsInfo.jspf --><!-- productAllowedRatingsAndReviews: true -->
<div class="reviews">

    <a class="numberOfReviews" href="https://www.sainsburys.co.uk/shop/gb/groceries/product/details/kit-kat-chunky-peanut-butter-chocolate-bar-42g-7731117-p">
        <img src="//www.sainsburys.co.uk/wcsstore7.137.2/SainsburysStorefrontAssetStore/img/stars/rating-4_5.gif" alt="4.4521" border="0">&nbsp; 
        Reviews (407)
    </a>

</div>
<!-- END CatalogEntryRatingsReviewsInfo.jspf -->
                </div>
                <!--ThumbnailRestriction -->
            </div>
            
            <div class="addToTrolleytabBox">
            <!-- addToTrolleytabBox LIST VIEW--><!-- Start UserSubscribedOrNot.jspf --><!-- Start UserSubscribedOrNot.jsp --><!-- 
    If the user is not logged in, render this opening 
    DIV adding an addtional class to fix the border top which is removed 
    and replaced by the tabs
-->
<div class="addToTrolleytabContainer addItemBorderTop">
<!-- End AddToSubscriptionList.jsp --><!-- End AddSubscriptionList.jspf --><!-- 
                    ATTENTION!!!
                    <div class="addToTrolleytabContainer">
                    This opening div is inside "../../ReusableObjects/UserSubscribedOrNot.jsp"
                    -->
                <div class="pricingAndTrolleyOptions">  
                    <div class="priceTab activeContainer priceTabContainer" id="addItem_812323"> 
                        <div class="pricing">
                            
<p class="pricePerUnit">
95p 
</p>

<p class="pricePerMeasure">Â£2.26<abbr title="per">/</abbr>100<abbr title="gram"><span class="pricePerMeasureMeasure">g</span></abbr>
</p>

                                
                        </div>  
                          
                                    <div class="addToTrolleyForm ">   
                                        <!-- BEGIN AddToTrolley.jsp --><!-- fire an on add to bag here from  -->

<form class="addToTrolleyForm" name="OrderItemAddForm_812322" action="OrderItemAdd" method="post" id="OrderItemAddForm_812322">
    <input type="hidden" name="storeId" value="10151">
    <input type="hidden" name="langId" value="44">
    <input type="hidden" name="catalogId" value="10241">
    <input type="hidden" name="authToken" id="authToken812322" value="-1002%2C3jIiHU%2F3lFc4jalpGDAhYOztAdQ%3D">
    
    
    <input type="hidden" name="errorViewName" value="PromotionDisplayView">
    <input type="hidden" name="SKU_ID" value="7731117">
    <input type="hidden" name="itemType" value="">
    <input type="hidden" name="parentSKU" value="">
    
    
       <input type="hidden" id="productCatentryId_812323" value="812322">
       <input type="hidden" id="catEntryId_812322" value="812323">
       <input type="hidden" name="ItemSKU_ID" value="7731117">
     
        
        <div class="quantity hidden" id="updateQtyPanelProduct_812322" data-qty="">
            <ul>
                <li>
                    <a class="button decreaseQty " id="decreaseQty_812322" href="#">-</a> 
                </li>
                <li>	
                    <label class="access" for="quantity_812322">Quantity</label>						
                    <a href="#" class="button quantityPlp  " id="quantityUpdate_812322">
                        </a>
                    <input name="quantity" id="quantity_812322" type="hidden" size="3" value="" class="quantity">		        
                </li>
                <li>
                    
                    <a class="button increaseQty " id="increaseQty_812322" href="#">+</a>
                </li>
            </ul>
        </div>				
            
        
            <input type="hidden" name="catEntryId" value="812323">
        

        <input type="hidden" name="productId" value="812322">
        

    <input type="hidden" name="URL" value="https://www.sainsburys.co.uk/webapp/wcs/stores/servlet/PromotionDisplayView?listId=2&amp;catalogId=10241&amp;productId=1117540&amp;langId=44&amp;storeId=10151&amp;promotionId=10669742">
    <input type="hidden" name="page" value="">
    <input type="hidden" name="contractId" value="">
    <input type="hidden" name="calculateOrder" value="1">
    <input type="hidden" name="calculationUsage" value="-1,-2,-3">
    <input type="hidden" name="updateable" value="1">
    <input type="hidden" name="merge" value="***">

                                  
            <input type="hidden" id="updateUrl_812322" updateurlchild_812323="AjaxOrderItemUpdate?calculateOrder=1&amp;itemType=&amp;ordItemUpdateFlag=0&amp;orderId=.&amp;updatePrices=1&amp;authToken=-1002%252C3jIiHU%252F3lFc4jalpGDAhYOztAdQ%253D&amp;calculationUsage=-1,-2,-3&amp;storeId=10151&amp;errorViewName=AjaxQuickCartDisplay&amp;URL=AjaxQuickCartDisplay&amp;catEntryId=812323&amp;orderItemId_0=&amp;UOM_0=&amp;langId=44&amp;quantity_0=1">
            <input type="hidden" id="removeUrl_812322" removeurlchild_812323="AjaxOrderItemUpdate?calculateOrder=1&amp;itemType=&amp;productId=&amp;ordItemUpdateFlag=2&amp;orderId=.&amp;updatePrices=1&amp;authToken=-1002%252C3jIiHU%252F3lFc4jalpGDAhYOztAdQ%253D&amp;calculationUsage=-1,-2,-3&amp;storeId=10151&amp;errorViewName=AjaxQuickCartDisplay&amp;URL=AjaxQuickCartDisplay&amp;catEntryId=812323&amp;productSKU=&amp;orderItemId_0=&amp;qtyDecremented=true&amp;langId=44&amp;quantity_0=0">           
         
       <input type="hidden" name="callAjax" value="false">
       
    
    <div class="add2Cart " id="addQtyPanelProduct_812322">    
        
            <a class="button process addQty  " id="addQty_812322" href="#">
                Add
            </a>

            <input type="hidden" name="Add" value="Add">
        
    </div>

</form>
<!-- END AddToTrolley.jsp -->
                                    </div>  
                                
                    </div><!-- END priceTabContainer Add container --><!-- Subscribe container --><!-- Start AddToSubscriptionList.jspf --><!-- Start AddToSubscriptionList.jsp --><!-- End AddToSubscriptionList.jsp --><!-- End AddToSubscriptionList.jspf --> 
                </div>  
            </div>  
        </div>
    </div>     
    </div> 
    <div id="additionalItems_812323" class="additionalItems">
        <!-- BEGIN MerchandisingAssociationsDisplay.jsp --><!-- Start - JSP File Name:  MerchandisingAssociationsDisplay.jsp --><!-- END MerchandisingAssociationsDisplay.jsp -->  
    </div> 

<!-- END CatalogEntryThumbnailDisplay.jsp -->
                            </li>
                        
                            <li>
                                
                                                <div class="trolleySummary"><p class="saving">
                                                         <!-- %@ include file="../../include/PromotionStrapline.jspf"% -->
                                                </p></div>
                                            
                                                <div class="trolleySummary"><p class="saving">
                                                         <!-- %@ include file="../../include/PromotionStrapline.jspf"% -->
                                                </p></div>
                                            
                                                <div class="trolleySummary"><p class="saving">
                                                         <!-- %@ include file="../../include/PromotionStrapline.jspf"% -->
                                                </p></div>
                                            <!-- BEGIN CatalogEntryThumbnailDisplay.jsp -->
    <div class="product ">
        
        <div class="errorBanner hidden" id="error1389372"></div>
                        
        
        <div class="productInner">
            <div class="productInfoWrapper">
                <div class="productInfo">
                    
                            <h3>
                                <a href="https://www.sainsburys.co.uk/shop/gb/groceries/product/details/sainsburys-on-the-go-free-range-egg-protein-pot-meal-snack-90g">
                                    Sainsbury's On the Go Free Range Egg Protein Pot Meal Snack 90g
                                    <img src="https://assets.sainsburys-groceries.co.uk/gol/8053895/image.jpg" alt="">
                                </a>
                            </h3>
                        
<div class="promotion">

                        <p>
                            <a strapline="Meal Deal for Â£5.00 | 8053895" href="https://www.sainsburys.co.uk/shop/PromotionDisplayView?listId=2&amp;catalogId=10241&amp;productId=1389372&amp;langId=44&amp;storeId=10151&amp;promotionId=10664136"><!-- BEGIN include/PromotionStrapline.jspf -->Meal Deal for Â£5.00<br>

<!-- FINISH include/PromotionStrapline.jspf -->
                            </a>
                        </p>
                    
                        <p>
                            <a strapline="Meal Deal for Â£3.75 | 8053895" href="https://www.sainsburys.co.uk/shop/PromotionDisplayView?listId=2&amp;catalogId=10241&amp;productId=1389372&amp;langId=44&amp;storeId=10151&amp;promotionId=10669742">PLUS <!-- BEGIN include/PromotionStrapline.jspf -->Meal Deal for Â£3.75<br>

<!-- FINISH include/PromotionStrapline.jspf -->
                            </a>
                        </p>
                                
</div>

                    <div class="ThumbnailRoundel">
                    <!--ThumbnailRoundel --> 
                    </div>
                    <div class="promoBages">
                        <!-- PROMOTION -->
                    </div>


                    <!-- Review --><!-- BEGIN CatalogEntryRatingsReviewsInfo.jspf --><!-- productAllowedRatingsAndReviews: true -->
<div class="reviews">

    <a class="numberOfReviews" href="https://www.sainsburys.co.uk/shop/gb/groceries/product/details/sainsburys-on-the-go-free-range-egg-protein-pot-meal-snack-90g">
        <img src="//www.sainsburys.co.uk/wcsstore7.137.2/SainsburysStorefrontAssetStore/img/stars/rating-4_5.gif" alt="4.5" border="0">&nbsp; 
        Reviews (16)
    </a>

</div>
<!-- END CatalogEntryRatingsReviewsInfo.jspf -->
                </div>
                <!--ThumbnailRestriction -->
            </div>
            
            <div class="addToTrolleytabBox">
            <!-- addToTrolleytabBox LIST VIEW--><!-- Start UserSubscribedOrNot.jspf --><!-- Start UserSubscribedOrNot.jsp --><!-- 
    If the user is not logged in, render this opening 
    DIV adding an addtional class to fix the border top which is removed 
    and replaced by the tabs
-->
<div class="addToTrolleytabContainer addItemBorderTop">
<!-- End AddToSubscriptionList.jsp --><!-- End AddSubscriptionList.jspf --><!-- 
                    ATTENTION!!!
                    <div class="addToTrolleytabContainer">
                    This opening div is inside "../../ReusableObjects/UserSubscribedOrNot.jsp"
                    -->
                <div class="pricingAndTrolleyOptions">  
                    <div class="priceTab activeContainer priceTabContainer" id="addItem_1389373"> 
                        <div class="pricing">
                            
<p class="pricePerUnit">
Â£1.30 
</p>

<p class="pricePerMeasure">Â£1.44<abbr title="per">/</abbr>100<abbr title="gram"><span class="pricePerMeasureMeasure">g</span></abbr>
</p>

                                
                        </div>  
                          
                                    <div class="addToTrolleyForm ">   
                                        <!-- BEGIN AddToTrolley.jsp --><!-- fire an on add to bag here from  -->

<form class="addToTrolleyForm" name="OrderItemAddForm_1389372" action="OrderItemAdd" method="post" id="OrderItemAddForm_1389372">
    <input type="hidden" name="storeId" value="10151">
    <input type="hidden" name="langId" value="44">
    <input type="hidden" name="catalogId" value="10241">
    <input type="hidden" name="authToken" id="authToken1389372" value="-1002%2C3jIiHU%2F3lFc4jalpGDAhYOztAdQ%3D">
    
    
    <input type="hidden" name="errorViewName" value="PromotionDisplayView">
    <input type="hidden" name="SKU_ID" value="8053895">
    <input type="hidden" name="itemType" value="">
    <input type="hidden" name="parentSKU" value="">
    
    
       <input type="hidden" id="productCatentryId_1389373" value="1389372">
       <input type="hidden" id="catEntryId_1389372" value="1389373">
       <input type="hidden" name="ItemSKU_ID" value="8053895">
     
        
        <div class="quantity hidden" id="updateQtyPanelProduct_1389372" data-qty="">
            <ul>
                <li>
                    <a class="button decreaseQty " id="decreaseQty_1389372" href="#">-</a> 
                </li>
                <li>	
                    <label class="access" for="quantity_1389372">Quantity</label>						
                    <a href="#" class="button quantityPlp  " id="quantityUpdate_1389372">
                        </a>
                    <input name="quantity" id="quantity_1389372" type="hidden" size="3" value="" class="quantity">		        
                </li>
                <li>
                    
                    <a class="button increaseQty " id="increaseQty_1389372" href="#">+</a>
                </li>
            </ul>
        </div>				
            
        
            <input type="hidden" name="catEntryId" value="1389373">
        

        <input type="hidden" name="productId" value="1389372">
        

    <input type="hidden" name="URL" value="https://www.sainsburys.co.uk/webapp/wcs/stores/servlet/PromotionDisplayView?listId=2&amp;catalogId=10241&amp;productId=1117540&amp;langId=44&amp;storeId=10151&amp;promotionId=10669742">
    <input type="hidden" name="page" value="">
    <input type="hidden" name="contractId" value="">
    <input type="hidden" name="calculateOrder" value="1">
    <input type="hidden" name="calculationUsage" value="-1,-2,-3">
    <input type="hidden" name="updateable" value="1">
    <input type="hidden" name="merge" value="***">

                                  
            <input type="hidden" id="updateUrl_1389372" updateurlchild_1389373="AjaxOrderItemUpdate?calculateOrder=1&amp;itemType=&amp;ordItemUpdateFlag=0&amp;orderId=.&amp;updatePrices=1&amp;authToken=-1002%252C3jIiHU%252F3lFc4jalpGDAhYOztAdQ%253D&amp;calculationUsage=-1,-2,-3&amp;storeId=10151&amp;errorViewName=AjaxQuickCartDisplay&amp;URL=AjaxQuickCartDisplay&amp;catEntryId=1389373&amp;orderItemId_0=&amp;UOM_0=&amp;langId=44&amp;quantity_0=1">
            <input type="hidden" id="removeUrl_1389372" removeurlchild_1389373="AjaxOrderItemUpdate?calculateOrder=1&amp;itemType=&amp;productId=&amp;ordItemUpdateFlag=2&amp;orderId=.&amp;updatePrices=1&amp;authToken=-1002%252C3jIiHU%252F3lFc4jalpGDAhYOztAdQ%253D&amp;calculationUsage=-1,-2,-3&amp;storeId=10151&amp;errorViewName=AjaxQuickCartDisplay&amp;URL=AjaxQuickCartDisplay&amp;catEntryId=1389373&amp;productSKU=&amp;orderItemId_0=&amp;qtyDecremented=true&amp;langId=44&amp;quantity_0=0">           
         
       <input type="hidden" name="callAjax" value="false">
       
    
    <div class="add2Cart " id="addQtyPanelProduct_1389372">    
        
            <a class="button process addQty  " id="addQty_1389372" href="#">
                Add
            </a>

            <input type="hidden" name="Add" value="Add">
        
    </div>

</form>
<!-- END AddToTrolley.jsp -->
                                    </div>  
                                
                    </div><!-- END priceTabContainer Add container --><!-- Subscribe container --><!-- Start AddToSubscriptionList.jspf --><!-- Start AddToSubscriptionList.jsp --><!-- End AddToSubscriptionList.jsp --><!-- End AddToSubscriptionList.jspf --> 
                </div>  
            </div>  
        </div>
    </div>     
    </div> 
    <div id="additionalItems_1389373" class="additionalItems">
        <!-- BEGIN MerchandisingAssociationsDisplay.jsp --><!-- Start - JSP File Name:  MerchandisingAssociationsDisplay.jsp --><!-- END MerchandisingAssociationsDisplay.jsp -->  
    </div> 

<!-- END CatalogEntryThumbnailDisplay.jsp -->
                            </li>
                        
                            <li>
                                
                                                <div class="trolleySummary"><p class="saving">
                                                         <!-- %@ include file="../../include/PromotionStrapline.jspf"% -->
                                                </p></div>
                                            
                                                <div class="trolleySummary"><p class="saving">
                                                         <!-- %@ include file="../../include/PromotionStrapline.jspf"% -->
                                                </p></div>
                                            
                                                <div class="trolleySummary"><p class="saving">
                                                         <!-- %@ include file="../../include/PromotionStrapline.jspf"% -->
                                                </p></div>
                                            <!-- BEGIN CatalogEntryThumbnailDisplay.jsp -->
    <div class="product ">
        
        <div class="errorBanner hidden" id="error1329096"></div>
                        
        
        <div class="productInner">
            <div class="productInfoWrapper">
                <div class="productInfo">
                    
                            <h3>
                                <a href="https://www.sainsburys.co.uk/shop/gb/groceries/product/details/walkers-cheese-onion-crisps-50g">
                                    Walkers Cheese &amp; Onion Crisps 45g
                                    <img src="https://assets.sainsburys-groceries.co.uk/gol/8001354/image.jpg" alt="">
                                </a>
                            </h3>
                        
<div class="promotion">

                        <p>
                            <a strapline="Meal Deal for Â£5.00 | 8001354" href="https://www.sainsburys.co.uk/shop/PromotionDisplayView?listId=2&amp;catalogId=10241&amp;productId=1329096&amp;langId=44&amp;storeId=10151&amp;promotionId=10664136"><!-- BEGIN include/PromotionStrapline.jspf -->Meal Deal for Â£5.00<br>

<!-- FINISH include/PromotionStrapline.jspf -->
                            </a>
                        </p>
                    
                        <p>
                            <a strapline="Meal Deal for Â£3.75 | 8001354" href="https://www.sainsburys.co.uk/shop/PromotionDisplayView?listId=2&amp;catalogId=10241&amp;productId=1329096&amp;langId=44&amp;storeId=10151&amp;promotionId=10669742">PLUS <!-- BEGIN include/PromotionStrapline.jspf -->Meal Deal for Â£3.75<br>

<!-- FINISH include/PromotionStrapline.jspf -->
                            </a>
                        </p>
                                
</div>

                    <div class="ThumbnailRoundel">
                    <!--ThumbnailRoundel --> 
                    </div>
                    <div class="promoBages">
                        <!-- PROMOTION -->
                    </div>


                    <!-- Review --><!-- BEGIN CatalogEntryRatingsReviewsInfo.jspf --><!-- productAllowedRatingsAndReviews: true -->
<div class="reviews">

    <a class="numberOfReviews" href="https://www.sainsburys.co.uk/shop/gb/groceries/product/details/walkers-cheese-onion-crisps-50g">
        <img src="//www.sainsburys.co.uk/wcsstore7.137.2/SainsburysStorefrontAssetStore/img/stars/rating-4_2.gif" alt="4.1538" border="0">&nbsp; 
        Reviews (39)
    </a>

</div>
<!-- END CatalogEntryRatingsReviewsInfo.jspf -->
                </div>
                <!--ThumbnailRestriction -->
            </div>
            
            <div class="addToTrolleytabBox">
            <!-- addToTrolleytabBox LIST VIEW--><!-- Start UserSubscribedOrNot.jspf --><!-- Start UserSubscribedOrNot.jsp --><!-- 
    If the user is not logged in, render this opening 
    DIV adding an addtional class to fix the border top which is removed 
    and replaced by the tabs
-->
<div class="addToTrolleytabContainer addItemBorderTop">
<!-- End AddToSubscriptionList.jsp --><!-- End AddSubscriptionList.jspf --><!-- 
                    ATTENTION!!!
                    <div class="addToTrolleytabContainer">
                    This opening div is inside "../../ReusableObjects/UserSubscribedOrNot.jsp"
                    -->
                <div class="pricingAndTrolleyOptions">  
                    <div class="priceTab activeContainer priceTabContainer" id="addItem_1329097"> 
                        <div class="pricing">
                            
<p class="pricePerUnit">
Â£1.10 
</p>

<p class="pricePerMeasure">Â£2.44<abbr title="per">/</abbr>100<abbr title="gram"><span class="pricePerMeasureMeasure">g</span></abbr>
</p>

                                
                        </div>  
                          
                                    <div class="addToTrolleyForm ">   
                                        <!-- BEGIN AddToTrolley.jsp --><!-- fire an on add to bag here from  -->

<form class="addToTrolleyForm" name="OrderItemAddForm_1329096" action="OrderItemAdd" method="post" id="OrderItemAddForm_1329096">
    <input type="hidden" name="storeId" value="10151">
    <input type="hidden" name="langId" value="44">
    <input type="hidden" name="catalogId" value="10241">
    <input type="hidden" name="authToken" id="authToken1329096" value="-1002%2C3jIiHU%2F3lFc4jalpGDAhYOztAdQ%3D">
    
    
    <input type="hidden" name="errorViewName" value="PromotionDisplayView">
    <input type="hidden" name="SKU_ID" value="8001354">
    <input type="hidden" name="itemType" value="">
    <input type="hidden" name="parentSKU" value="">
    
    
       <input type="hidden" id="productCatentryId_1329097" value="1329096">
       <input type="hidden" id="catEntryId_1329096" value="1329097">
       <input type="hidden" name="ItemSKU_ID" value="8001354">
     
        
        <div class="quantity hidden" id="updateQtyPanelProduct_1329096" data-qty="">
            <ul>
                <li>
                    <a class="button decreaseQty " id="decreaseQty_1329096" href="#">-</a> 
                </li>
                <li>	
                    <label class="access" for="quantity_1329096">Quantity</label>						
                    <a href="#" class="button quantityPlp  " id="quantityUpdate_1329096">
                        </a>
                    <input name="quantity" id="quantity_1329096" type="hidden" size="3" value="" class="quantity">		        
                </li>
                <li>
                    
                    <a class="button increaseQty " id="increaseQty_1329096" href="#">+</a>
                </li>
            </ul>
        </div>				
            
        
            <input type="hidden" name="catEntryId" value="1329097">
        

        <input type="hidden" name="productId" value="1329096">
        

    <input type="hidden" name="URL" value="https://www.sainsburys.co.uk/webapp/wcs/stores/servlet/PromotionDisplayView?listId=2&amp;catalogId=10241&amp;productId=1117540&amp;langId=44&amp;storeId=10151&amp;promotionId=10669742">
    <input type="hidden" name="page" value="">
    <input type="hidden" name="contractId" value="">
    <input type="hidden" name="calculateOrder" value="1">
    <input type="hidden" name="calculationUsage" value="-1,-2,-3">
    <input type="hidden" name="updateable" value="1">
    <input type="hidden" name="merge" value="***">

                                  
            <input type="hidden" id="updateUrl_1329096" updateurlchild_1329097="AjaxOrderItemUpdate?calculateOrder=1&amp;itemType=&amp;ordItemUpdateFlag=0&amp;orderId=.&amp;updatePrices=1&amp;authToken=-1002%252C3jIiHU%252F3lFc4jalpGDAhYOztAdQ%253D&amp;calculationUsage=-1,-2,-3&amp;storeId=10151&amp;errorViewName=AjaxQuickCartDisplay&amp;URL=AjaxQuickCartDisplay&amp;catEntryId=1329097&amp;orderItemId_0=&amp;UOM_0=&amp;langId=44&amp;quantity_0=1">
            <input type="hidden" id="removeUrl_1329096" removeurlchild_1329097="AjaxOrderItemUpdate?calculateOrder=1&amp;itemType=&amp;productId=&amp;ordItemUpdateFlag=2&amp;orderId=.&amp;updatePrices=1&amp;authToken=-1002%252C3jIiHU%252F3lFc4jalpGDAhYOztAdQ%253D&amp;calculationUsage=-1,-2,-3&amp;storeId=10151&amp;errorViewName=AjaxQuickCartDisplay&amp;URL=AjaxQuickCartDisplay&amp;catEntryId=1329097&amp;productSKU=&amp;orderItemId_0=&amp;qtyDecremented=true&amp;langId=44&amp;quantity_0=0">           
         
       <input type="hidden" name="callAjax" value="false">
       
    
    <div class="add2Cart " id="addQtyPanelProduct_1329096">    
        
            <a class="button process addQty  " id="addQty_1329096" href="#">
                Add
            </a>

            <input type="hidden" name="Add" value="Add">
        
    </div>

</form>
<!-- END AddToTrolley.jsp -->
                                    </div>  
                                
                    </div><!-- END priceTabContainer Add container --><!-- Subscribe container --><!-- Start AddToSubscriptionList.jspf --><!-- Start AddToSubscriptionList.jsp --><!-- End AddToSubscriptionList.jsp --><!-- End AddToSubscriptionList.jspf --> 
                </div>  
            </div>  
        </div>
    </div>     
    </div> 
    <div id="additionalItems_1329097" class="additionalItems">
        <!-- BEGIN MerchandisingAssociationsDisplay.jsp --><!-- Start - JSP File Name:  MerchandisingAssociationsDisplay.jsp --><!-- END MerchandisingAssociationsDisplay.jsp -->  
    </div> 

<!-- END CatalogEntryThumbnailDisplay.jsp -->
                            </li>
                        
                            <li>
                                
                                                <div class="trolleySummary"><p class="saving">
                                                         <!-- %@ include file="../../include/PromotionStrapline.jspf"% -->
                                                </p></div>
                                            
                                                <div class="trolleySummary"><p class="saving">
                                                         <!-- %@ include file="../../include/PromotionStrapline.jspf"% -->
                                                </p></div>
                                            
                                                <div class="trolleySummary"><p class="saving">
                                                         <!-- %@ include file="../../include/PromotionStrapline.jspf"% -->
                                                </p></div>
                                            <!-- BEGIN CatalogEntryThumbnailDisplay.jsp -->
    <div class="product ">
        
        <div class="errorBanner hidden" id="error44760"></div>
                        
        
        <div class="productInner">
            <div class="productInfoWrapper">
                <div class="productInfo">
                    
                            <h3>
                                <a href="https://www.sainsburys.co.uk/shop/gb/groceries/product/details/cadbury-wispa-bar">
                                    Cadbury Wispa Chocolate Bar 36g
                                    <img src="https://assets.sainsburys-groceries.co.uk/gol/6661440/image.jpg" alt="">
                                </a>
                            </h3>
                        
<div class="promotion">

                        <p>
                            <a strapline="Meal Deal for Â£5.00 | 6661440" href="https://www.sainsburys.co.uk/shop/PromotionDisplayView?listId=2&amp;catalogId=10241&amp;productId=44760&amp;langId=44&amp;storeId=10151&amp;promotionId=10664136"><!-- BEGIN include/PromotionStrapline.jspf -->Meal Deal for Â£5.00<br>

<!-- FINISH include/PromotionStrapline.jspf -->
                            </a>
                        </p>
                    
                        <p>
                            <a strapline="Meal Deal for Â£3.75 | 6661440" href="https://www.sainsburys.co.uk/shop/PromotionDisplayView?listId=2&amp;catalogId=10241&amp;productId=44760&amp;langId=44&amp;storeId=10151&amp;promotionId=10669742">PLUS <!-- BEGIN include/PromotionStrapline.jspf -->Meal Deal for Â£3.75<br>

<!-- FINISH include/PromotionStrapline.jspf -->
                            </a>
                        </p>
                                
</div>

                    <div class="ThumbnailRoundel">
                    <!--ThumbnailRoundel --> 
                    </div>
                    <div class="promoBages">
                        <!-- PROMOTION -->
                    </div>


                    <!-- Review --><!-- BEGIN CatalogEntryRatingsReviewsInfo.jspf --><!-- productAllowedRatingsAndReviews: true -->
<div class="reviews">

    <a class="numberOfReviews" href="https://www.sainsburys.co.uk/shop/gb/groceries/product/details/cadbury-wispa-bar">
        <img src="//www.sainsburys.co.uk/wcsstore7.137.2/SainsburysStorefrontAssetStore/img/stars/rating-4_7.gif" alt="4.6747" border="0">&nbsp; 
        Reviews (166)
    </a>

</div>
<!-- END CatalogEntryRatingsReviewsInfo.jspf -->
                </div>
                <!--ThumbnailRestriction -->
            </div>
            
            <div class="addToTrolleytabBox">
            <!-- addToTrolleytabBox LIST VIEW--><!-- Start UserSubscribedOrNot.jspf --><!-- Start UserSubscribedOrNot.jsp --><!-- 
    If the user is not logged in, render this opening 
    DIV adding an addtional class to fix the border top which is removed 
    and replaced by the tabs
-->
<div class="addToTrolleytabContainer addItemBorderTop">
<!-- End AddToSubscriptionList.jsp --><!-- End AddSubscriptionList.jspf --><!-- 
                    ATTENTION!!!
                    <div class="addToTrolleytabContainer">
                    This opening div is inside "../../ReusableObjects/UserSubscribedOrNot.jsp"
                    -->
                <div class="pricingAndTrolleyOptions">  
                    <div class="priceTab activeContainer priceTabContainer" id="addItem_44761"> 
                        <div class="pricing">
                            
<p class="pricePerUnit">
Â£1.05 
</p>

<p class="pricePerMeasure">Â£2.92<abbr title="per">/</abbr>100<abbr title="gram"><span class="pricePerMeasureMeasure">g</span></abbr>
</p>

                                
                        </div>  
                          
                                    <div class="addToTrolleyForm ">   
                                        <!-- BEGIN AddToTrolley.jsp --><!-- fire an on add to bag here from  -->

<form class="addToTrolleyForm" name="OrderItemAddForm_44760" action="OrderItemAdd" method="post" id="OrderItemAddForm_44760">
    <input type="hidden" name="storeId" value="10151">
    <input type="hidden" name="langId" value="44">
    <input type="hidden" name="catalogId" value="10241">
    <input type="hidden" name="authToken" id="authToken44760" value="-1002%2C3jIiHU%2F3lFc4jalpGDAhYOztAdQ%3D">
    
    
    <input type="hidden" name="errorViewName" value="PromotionDisplayView">
    <input type="hidden" name="SKU_ID" value="6661440">
    <input type="hidden" name="itemType" value="">
    <input type="hidden" name="parentSKU" value="">
    
    
       <input type="hidden" id="productCatentryId_44761" value="44760">
       <input type="hidden" id="catEntryId_44760" value="44761">
       <input type="hidden" name="ItemSKU_ID" value="6661440">
     
        
        <div class="quantity hidden" id="updateQtyPanelProduct_44760" data-qty="">
            <ul>
                <li>
                    <a class="button decreaseQty " id="decreaseQty_44760" href="#">-</a> 
                </li>
                <li>	
                    <label class="access" for="quantity_44760">Quantity</label>						
                    <a href="#" class="button quantityPlp  " id="quantityUpdate_44760">
                        </a>
                    <input name="quantity" id="quantity_44760" type="hidden" size="3" value="" class="quantity">		        
                </li>
                <li>
                    
                    <a class="button increaseQty " id="increaseQty_44760" href="#">+</a>
                </li>
            </ul>
        </div>				
            
        
            <input type="hidden" name="catEntryId" value="44761">
        

        <input type="hidden" name="productId" value="44760">
        

    <input type="hidden" name="URL" value="https://www.sainsburys.co.uk/webapp/wcs/stores/servlet/PromotionDisplayView?listId=2&amp;catalogId=10241&amp;productId=1117540&amp;langId=44&amp;storeId=10151&amp;promotionId=10669742">
    <input type="hidden" name="page" value="">
    <input type="hidden" name="contractId" value="">
    <input type="hidden" name="calculateOrder" value="1">
    <input type="hidden" name="calculationUsage" value="-1,-2,-3">
    <input type="hidden" name="updateable" value="1">
    <input type="hidden" name="merge" value="***">

                                  
            <input type="hidden" id="updateUrl_44760" updateurlchild_44761="AjaxOrderItemUpdate?calculateOrder=1&amp;itemType=&amp;ordItemUpdateFlag=0&amp;orderId=.&amp;updatePrices=1&amp;authToken=-1002%252C3jIiHU%252F3lFc4jalpGDAhYOztAdQ%253D&amp;calculationUsage=-1,-2,-3&amp;storeId=10151&amp;errorViewName=AjaxQuickCartDisplay&amp;URL=AjaxQuickCartDisplay&amp;catEntryId=44761&amp;orderItemId_0=&amp;UOM_0=&amp;langId=44&amp;quantity_0=1">
            <input type="hidden" id="removeUrl_44760" removeurlchild_44761="AjaxOrderItemUpdate?calculateOrder=1&amp;itemType=&amp;productId=&amp;ordItemUpdateFlag=2&amp;orderId=.&amp;updatePrices=1&amp;authToken=-1002%252C3jIiHU%252F3lFc4jalpGDAhYOztAdQ%253D&amp;calculationUsage=-1,-2,-3&amp;storeId=10151&amp;errorViewName=AjaxQuickCartDisplay&amp;URL=AjaxQuickCartDisplay&amp;catEntryId=44761&amp;productSKU=&amp;orderItemId_0=&amp;qtyDecremented=true&amp;langId=44&amp;quantity_0=0">           
         
       <input type="hidden" name="callAjax" value="false">
       
    
    <div class="add2Cart " id="addQtyPanelProduct_44760">    
        
            <a class="button process addQty  " id="addQty_44760" href="#">
                Add
            </a>

            <input type="hidden" name="Add" value="Add">
        
    </div>

</form>
<!-- END AddToTrolley.jsp -->
                                    </div>  
                                
                    </div><!-- END priceTabContainer Add container --><!-- Subscribe container --><!-- Start AddToSubscriptionList.jspf --><!-- Start AddToSubscriptionList.jsp --><!-- End AddToSubscriptionList.jsp --><!-- End AddToSubscriptionList.jspf --> 
                </div>  
            </div>  
        </div>
    </div>     
    </div> 
    <div id="additionalItems_44761" class="additionalItems">
        <!-- BEGIN MerchandisingAssociationsDisplay.jsp --><!-- Start - JSP File Name:  MerchandisingAssociationsDisplay.jsp --><!-- END MerchandisingAssociationsDisplay.jsp -->  
    </div> 

<!-- END CatalogEntryThumbnailDisplay.jsp -->
                            </li>
                        
                            <li>
                                
                                                <div class="trolleySummary"><p class="saving">
                                                         <!-- %@ include file="../../include/PromotionStrapline.jspf"% -->
                                                </p></div>
                                            
                                                <div class="trolleySummary"><p class="saving">
                                                         <!-- %@ include file="../../include/PromotionStrapline.jspf"% -->
                                                </p></div>
                                            
                                                <div class="trolleySummary"><p class="saving">
                                                         <!-- %@ include file="../../include/PromotionStrapline.jspf"% -->
                                                </p></div>
                                            <!-- BEGIN CatalogEntryThumbnailDisplay.jsp -->
    <div class="product ">
        
        <div class="errorBanner hidden" id="error1419116"></div>
                        
        
        <div class="productInner">
            <div class="productInfoWrapper">
                <div class="productInfo">
                    
                            <h3>
                                <a href="https://www.sainsburys.co.uk/shop/gb/groceries/product/details/reeses-peanut-butter-cups-x2-42g">
                                    Reese's Peanut Butter Cups x2 42g
                                    <img src="https://assets.sainsburys-groceries.co.uk/gol/8085831/image.jpg" alt="">
                                </a>
                            </h3>
                        
<div class="promotion">

                        <p>
                            <a strapline="Meal Deal for Â£5.00 | 8085831" href="https://www.sainsburys.co.uk/shop/PromotionDisplayView?listId=2&amp;catalogId=10241&amp;productId=1419116&amp;langId=44&amp;storeId=10151&amp;promotionId=10664136"><!-- BEGIN include/PromotionStrapline.jspf -->Meal Deal for Â£5.00<br>

<!-- FINISH include/PromotionStrapline.jspf -->
                            </a>
                        </p>
                    
                        <p>
                            <a strapline="Meal Deal for Â£3.75 | 8085831" href="https://www.sainsburys.co.uk/shop/PromotionDisplayView?listId=2&amp;catalogId=10241&amp;productId=1419116&amp;langId=44&amp;storeId=10151&amp;promotionId=10669742">PLUS <!-- BEGIN include/PromotionStrapline.jspf -->Meal Deal for Â£3.75<br>

<!-- FINISH include/PromotionStrapline.jspf -->
                            </a>
                        </p>
                                
</div>

                    <div class="ThumbnailRoundel">
                    <!--ThumbnailRoundel --> 
                    </div>
                    <div class="promoBages">
                        <!-- PROMOTION -->
                    </div>


                    <!-- Review --><!-- BEGIN CatalogEntryRatingsReviewsInfo.jspf --><!-- productAllowedRatingsAndReviews: true -->
<div class="reviews">

    <a class="numberOfReviews" href="https://www.sainsburys.co.uk/shop/gb/groceries/product/details/reeses-peanut-butter-cups-x2-42g">
        <img src="//www.sainsburys.co.uk/wcsstore7.137.2/SainsburysStorefrontAssetStore/img/stars/rating-4_7.gif" alt="4.7333" border="0">&nbsp; 
        Reviews (15)
    </a>

</div>
<!-- END CatalogEntryRatingsReviewsInfo.jspf -->
                </div>
                <!--ThumbnailRestriction -->
            </div>
            
            <div class="addToTrolleytabBox">
            <!-- addToTrolleytabBox LIST VIEW--><!-- Start UserSubscribedOrNot.jspf --><!-- Start UserSubscribedOrNot.jsp --><!-- 
    If the user is not logged in, render this opening 
    DIV adding an addtional class to fix the border top which is removed 
    and replaced by the tabs
-->
<div class="addToTrolleytabContainer addItemBorderTop">
<!-- End AddToSubscriptionList.jsp --><!-- End AddSubscriptionList.jspf --><!-- 
                    ATTENTION!!!
                    <div class="addToTrolleytabContainer">
                    This opening div is inside "../../ReusableObjects/UserSubscribedOrNot.jsp"
                    -->
                <div class="pricingAndTrolleyOptions">  
                    <div class="priceTab activeContainer priceTabContainer" id="addItem_1419117"> 
                        <div class="pricing">
                            
<p class="pricePerUnit">
Â£1.00 
</p>

<p class="pricePerMeasure">Â£2.38<abbr title="per">/</abbr>100<abbr title="gram"><span class="pricePerMeasureMeasure">g</span></abbr>
</p>

                                
                        </div>  
                          
                                    <div class="addToTrolleyForm ">   
                                        <!-- BEGIN AddToTrolley.jsp --><!-- fire an on add to bag here from  -->

<form class="addToTrolleyForm" name="OrderItemAddForm_1419116" action="OrderItemAdd" method="post" id="OrderItemAddForm_1419116">
    <input type="hidden" name="storeId" value="10151">
    <input type="hidden" name="langId" value="44">
    <input type="hidden" name="catalogId" value="10241">
    <input type="hidden" name="authToken" id="authToken1419116" value="-1002%2C3jIiHU%2F3lFc4jalpGDAhYOztAdQ%3D">
    
    
    <input type="hidden" name="errorViewName" value="PromotionDisplayView">
    <input type="hidden" name="SKU_ID" value="8085831">
    <input type="hidden" name="itemType" value="">
    <input type="hidden" name="parentSKU" value="">
    
    
       <input type="hidden" id="productCatentryId_1419117" value="1419116">
       <input type="hidden" id="catEntryId_1419116" value="1419117">
       <input type="hidden" name="ItemSKU_ID" value="8085831">
     
        
        <div class="quantity hidden" id="updateQtyPanelProduct_1419116" data-qty="">
            <ul>
                <li>
                    <a class="button decreaseQty " id="decreaseQty_1419116" href="#">-</a> 
                </li>
                <li>	
                    <label class="access" for="quantity_1419116">Quantity</label>						
                    <a href="#" class="button quantityPlp  " id="quantityUpdate_1419116">
                        </a>
                    <input name="quantity" id="quantity_1419116" type="hidden" size="3" value="" class="quantity">		        
                </li>
                <li>
                    
                    <a class="button increaseQty " id="increaseQty_1419116" href="#">+</a>
                </li>
            </ul>
        </div>				
            
        
            <input type="hidden" name="catEntryId" value="1419117">
        

        <input type="hidden" name="productId" value="1419116">
        

    <input type="hidden" name="URL" value="https://www.sainsburys.co.uk/webapp/wcs/stores/servlet/PromotionDisplayView?listId=2&amp;catalogId=10241&amp;productId=1117540&amp;langId=44&amp;storeId=10151&amp;promotionId=10669742">
    <input type="hidden" name="page" value="">
    <input type="hidden" name="contractId" value="">
    <input type="hidden" name="calculateOrder" value="1">
    <input type="hidden" name="calculationUsage" value="-1,-2,-3">
    <input type="hidden" name="updateable" value="1">
    <input type="hidden" name="merge" value="***">

                                  
            <input type="hidden" id="updateUrl_1419116" updateurlchild_1419117="AjaxOrderItemUpdate?calculateOrder=1&amp;itemType=&amp;ordItemUpdateFlag=0&amp;orderId=.&amp;updatePrices=1&amp;authToken=-1002%252C3jIiHU%252F3lFc4jalpGDAhYOztAdQ%253D&amp;calculationUsage=-1,-2,-3&amp;storeId=10151&amp;errorViewName=AjaxQuickCartDisplay&amp;URL=AjaxQuickCartDisplay&amp;catEntryId=1419117&amp;orderItemId_0=&amp;UOM_0=&amp;langId=44&amp;quantity_0=1">
            <input type="hidden" id="removeUrl_1419116" removeurlchild_1419117="AjaxOrderItemUpdate?calculateOrder=1&amp;itemType=&amp;productId=&amp;ordItemUpdateFlag=2&amp;orderId=.&amp;updatePrices=1&amp;authToken=-1002%252C3jIiHU%252F3lFc4jalpGDAhYOztAdQ%253D&amp;calculationUsage=-1,-2,-3&amp;storeId=10151&amp;errorViewName=AjaxQuickCartDisplay&amp;URL=AjaxQuickCartDisplay&amp;catEntryId=1419117&amp;productSKU=&amp;orderItemId_0=&amp;qtyDecremented=true&amp;langId=44&amp;quantity_0=0">           
         
       <input type="hidden" name="callAjax" value="false">
       
    
    <div class="add2Cart " id="addQtyPanelProduct_1419116">    
        
            <a class="button process addQty  " id="addQty_1419116" href="#">
                Add
            </a>

            <input type="hidden" name="Add" value="Add">
        
    </div>

</form>
<!-- END AddToTrolley.jsp -->
                                    </div>  
                                
                    </div><!-- END priceTabContainer Add container --><!-- Subscribe container --><!-- Start AddToSubscriptionList.jspf --><!-- Start AddToSubscriptionList.jsp --><!-- End AddToSubscriptionList.jsp --><!-- End AddToSubscriptionList.jspf --> 
                </div>  
            </div>  
        </div>
    </div>     
    </div> 
    <div id="additionalItems_1419117" class="additionalItems">
        <!-- BEGIN MerchandisingAssociationsDisplay.jsp --><!-- Start - JSP File Name:  MerchandisingAssociationsDisplay.jsp --><!-- END MerchandisingAssociationsDisplay.jsp -->  
    </div> 

<!-- END CatalogEntryThumbnailDisplay.jsp -->
                            </li>
                        
                            <li>
                                
                                                <div class="trolleySummary"><p class="saving">
                                                         <!-- %@ include file="../../include/PromotionStrapline.jspf"% -->
                                                </p></div>
                                            
                                                <div class="trolleySummary"><p class="saving">
                                                         <!-- %@ include file="../../include/PromotionStrapline.jspf"% -->
                                                </p></div>
                                            
                                                <div class="trolleySummary"><p class="saving">
                                                         <!-- %@ include file="../../include/PromotionStrapline.jspf"% -->
                                                </p></div>
                                            <!-- BEGIN CatalogEntryThumbnailDisplay.jsp -->
    <div class="product ">
        
        <div class="errorBanner hidden" id="error1389368"></div>
                        
        
        <div class="productInner">
            <div class="productInfoWrapper">
                <div class="productInfo">
                    
                            <h3>
                                <a href="https://www.sainsburys.co.uk/shop/gb/groceries/product/details/sainsburys-carrot-houmous-100g">
                                    Sainsbury's Carrot &amp; Houmous 100g
                                    <img src="https://assets.sainsburys-groceries.co.uk/gol/8053880/image.jpg" alt="">
                                </a>
                            </h3>
                        
<div class="promotion">

                        <p>
                            <a strapline="Meal Deal for Â£5.00 | 8053880" href="https://www.sainsburys.co.uk/shop/PromotionDisplayView?listId=2&amp;catalogId=10241&amp;productId=1389368&amp;langId=44&amp;storeId=10151&amp;promotionId=10664136"><!-- BEGIN include/PromotionStrapline.jspf -->Meal Deal for Â£5.00<br>

<!-- FINISH include/PromotionStrapline.jspf -->
                            </a>
                        </p>
                    
                        <p>
                            <a strapline="Meal Deal for Â£3.75 | 8053880" href="https://www.sainsburys.co.uk/shop/PromotionDisplayView?listId=2&amp;catalogId=10241&amp;productId=1389368&amp;langId=44&amp;storeId=10151&amp;promotionId=10669742">PLUS <!-- BEGIN include/PromotionStrapline.jspf -->Meal Deal for Â£3.75<br>

<!-- FINISH include/PromotionStrapline.jspf -->
                            </a>
                        </p>
                                
</div>

                    <div class="ThumbnailRoundel">
                    <!--ThumbnailRoundel --> 
                    </div>
                    <div class="promoBages">
                        <!-- PROMOTION -->
                    </div>


                    <!-- Review --><!-- BEGIN CatalogEntryRatingsReviewsInfo.jspf --><!-- productAllowedRatingsAndReviews: true -->
<div class="reviews">

    <a class="numberOfReviews" href="https://www.sainsburys.co.uk/shop/gb/groceries/product/details/sainsburys-carrot-houmous-100g">
        <img src="//www.sainsburys.co.uk/wcsstore7.137.2/SainsburysStorefrontAssetStore/img/stars/rating-4_3.gif" alt="4.3125" border="0">&nbsp; 
        Reviews (16)
    </a>

</div>
<!-- END CatalogEntryRatingsReviewsInfo.jspf -->
                </div>
                <!--ThumbnailRestriction -->
            </div>
            
            <div class="addToTrolleytabBox">
            <!-- addToTrolleytabBox LIST VIEW--><!-- Start UserSubscribedOrNot.jspf --><!-- Start UserSubscribedOrNot.jsp --><!-- 
    If the user is not logged in, render this opening 
    DIV adding an addtional class to fix the border top which is removed 
    and replaced by the tabs
-->
<div class="addToTrolleytabContainer addItemBorderTop">
<!-- End AddToSubscriptionList.jsp --><!-- End AddSubscriptionList.jspf --><!-- 
                    ATTENTION!!!
                    <div class="addToTrolleytabContainer">
                    This opening div is inside "../../ReusableObjects/UserSubscribedOrNot.jsp"
                    -->
                <div class="pricingAndTrolleyOptions">  
                    <div class="priceTab activeContainer priceTabContainer" id="addItem_1389369"> 
                        <div class="pricing">
                            
<p class="pricePerUnit">
Â£1.30 
</p>

<p class="pricePerMeasure">Â£1.30<abbr title="per">/</abbr>100<abbr title="gram"><span class="pricePerMeasureMeasure">g</span></abbr>
</p>

                                
                        </div>  
                          
                                    <div class="addToTrolleyForm ">   
                                        <!-- BEGIN AddToTrolley.jsp --><!-- fire an on add to bag here from  -->

<form class="addToTrolleyForm" name="OrderItemAddForm_1389368" action="OrderItemAdd" method="post" id="OrderItemAddForm_1389368">
    <input type="hidden" name="storeId" value="10151">
    <input type="hidden" name="langId" value="44">
    <input type="hidden" name="catalogId" value="10241">
    <input type="hidden" name="authToken" id="authToken1389368" value="-1002%2C3jIiHU%2F3lFc4jalpGDAhYOztAdQ%3D">
    
    
    <input type="hidden" name="errorViewName" value="PromotionDisplayView">
    <input type="hidden" name="SKU_ID" value="8053880">
    <input type="hidden" name="itemType" value="">
    <input type="hidden" name="parentSKU" value="">
    
    
       <input type="hidden" id="productCatentryId_1389369" value="1389368">
       <input type="hidden" id="catEntryId_1389368" value="1389369">
       <input type="hidden" name="ItemSKU_ID" value="8053880">
     
        
        <div class="quantity hidden" id="updateQtyPanelProduct_1389368" data-qty="">
            <ul>
                <li>
                    <a class="button decreaseQty " id="decreaseQty_1389368" href="#">-</a> 
                </li>
                <li>	
                    <label class="access" for="quantity_1389368">Quantity</label>						
                    <a href="#" class="button quantityPlp  " id="quantityUpdate_1389368">
                        </a>
                    <input name="quantity" id="quantity_1389368" type="hidden" size="3" value="" class="quantity">		        
                </li>
                <li>
                    
                    <a class="button increaseQty " id="increaseQty_1389368" href="#">+</a>
                </li>
            </ul>
        </div>				
            
        
            <input type="hidden" name="catEntryId" value="1389369">
        

        <input type="hidden" name="productId" value="1389368">
        

    <input type="hidden" name="URL" value="https://www.sainsburys.co.uk/webapp/wcs/stores/servlet/PromotionDisplayView?listId=2&amp;catalogId=10241&amp;productId=1117540&amp;langId=44&amp;storeId=10151&amp;promotionId=10669742">
    <input type="hidden" name="page" value="">
    <input type="hidden" name="contractId" value="">
    <input type="hidden" name="calculateOrder" value="1">
    <input type="hidden" name="calculationUsage" value="-1,-2,-3">
    <input type="hidden" name="updateable" value="1">
    <input type="hidden" name="merge" value="***">

                                  
            <input type="hidden" id="updateUrl_1389368" updateurlchild_1389369="AjaxOrderItemUpdate?calculateOrder=1&amp;itemType=&amp;ordItemUpdateFlag=0&amp;orderId=.&amp;updatePrices=1&amp;authToken=-1002%252C3jIiHU%252F3lFc4jalpGDAhYOztAdQ%253D&amp;calculationUsage=-1,-2,-3&amp;storeId=10151&amp;errorViewName=AjaxQuickCartDisplay&amp;URL=AjaxQuickCartDisplay&amp;catEntryId=1389369&amp;orderItemId_0=&amp;UOM_0=&amp;langId=44&amp;quantity_0=1">
            <input type="hidden" id="removeUrl_1389368" removeurlchild_1389369="AjaxOrderItemUpdate?calculateOrder=1&amp;itemType=&amp;productId=&amp;ordItemUpdateFlag=2&amp;orderId=.&amp;updatePrices=1&amp;authToken=-1002%252C3jIiHU%252F3lFc4jalpGDAhYOztAdQ%253D&amp;calculationUsage=-1,-2,-3&amp;storeId=10151&amp;errorViewName=AjaxQuickCartDisplay&amp;URL=AjaxQuickCartDisplay&amp;catEntryId=1389369&amp;productSKU=&amp;orderItemId_0=&amp;qtyDecremented=true&amp;langId=44&amp;quantity_0=0">           
         
       <input type="hidden" name="callAjax" value="false">
       
    
    <div class="add2Cart " id="addQtyPanelProduct_1389368">    
        
            <a class="button process addQty  " id="addQty_1389368" href="#">
                Add
            </a>

            <input type="hidden" name="Add" value="Add">
        
    </div>

</form>
<!-- END AddToTrolley.jsp -->
                                    </div>  
                                
                    </div><!-- END priceTabContainer Add container --><!-- Subscribe container --><!-- Start AddToSubscriptionList.jspf --><!-- Start AddToSubscriptionList.jsp --><!-- End AddToSubscriptionList.jsp --><!-- End AddToSubscriptionList.jspf --> 
                </div>  
            </div>  
        </div>
    </div>     
    </div> 
    <div id="additionalItems_1389369" class="additionalItems">
        <!-- BEGIN MerchandisingAssociationsDisplay.jsp --><!-- Start - JSP File Name:  MerchandisingAssociationsDisplay.jsp --><!-- END MerchandisingAssociationsDisplay.jsp -->  
    </div> 

<!-- END CatalogEntryThumbnailDisplay.jsp -->
                            </li>
                        
                            <li>
                                
                                                <div class="trolleySummary"><p class="saving">
                                                         <!-- %@ include file="../../include/PromotionStrapline.jspf"% -->
                                                </p></div>
                                            
                                                <div class="trolleySummary"><p class="saving">
                                                         <!-- %@ include file="../../include/PromotionStrapline.jspf"% -->
                                                </p></div>
                                            
                                                <div class="trolleySummary"><p class="saving">
                                                         <!-- %@ include file="../../include/PromotionStrapline.jspf"% -->
                                                </p></div>
                                            <!-- BEGIN CatalogEntryThumbnailDisplay.jsp -->
    <div class="product ">
        
        <div class="errorBanner hidden" id="error1254278"></div>
                        
        
        <div class="productInner">
            <div class="productInfoWrapper">
                <div class="productInfo">
                    
                            <h3>
                                <a href="https://www.sainsburys.co.uk/shop/gb/groceries/product/details/sainsburys-on-the-go-vegetable-samosa">
                                    Sainsbury's On The Go Vegetable Samosas x2
                                    <img src="https://assets.sainsburys-groceries.co.uk/gol/7944192/image.jpg" alt="">
                                </a>
                            </h3>
                        
<div class="promotion">

                        <p>
                            <a strapline="Meal Deal for Â£5.00 | 7944192" href="https://www.sainsburys.co.uk/shop/PromotionDisplayView?listId=2&amp;catalogId=10241&amp;productId=1254278&amp;langId=44&amp;storeId=10151&amp;promotionId=10664136"><!-- BEGIN include/PromotionStrapline.jspf -->Meal Deal for Â£5.00<br>

<!-- FINISH include/PromotionStrapline.jspf -->
                            </a>
                        </p>
                    
                        <p>
                            <a strapline="Meal Deal for Â£3.75 | 7944192" href="https://www.sainsburys.co.uk/shop/PromotionDisplayView?listId=2&amp;catalogId=10241&amp;productId=1254278&amp;langId=44&amp;storeId=10151&amp;promotionId=10669742">PLUS <!-- BEGIN include/PromotionStrapline.jspf -->Meal Deal for Â£3.75<br>

<!-- FINISH include/PromotionStrapline.jspf -->
                            </a>
                        </p>
                                
</div>

                    <div class="ThumbnailRoundel">
                    <!--ThumbnailRoundel --> 
                    </div>
                    <div class="promoBages">
                        <!-- PROMOTION -->
                    </div>


                    <!-- Review --><!-- BEGIN CatalogEntryRatingsReviewsInfo.jspf --><!-- productAllowedRatingsAndReviews: true -->
<div class="reviews">

    <a class="numberOfReviews" href="https://www.sainsburys.co.uk/shop/gb/groceries/product/details/sainsburys-on-the-go-vegetable-samosa">
        <img src="//www.sainsburys.co.uk/wcsstore7.137.2/SainsburysStorefrontAssetStore/img/stars/rating-2_9.gif" alt="2.8696" border="0">&nbsp; 
        Reviews (23)
    </a>

</div>
<!-- END CatalogEntryRatingsReviewsInfo.jspf -->
                </div>
                <!--ThumbnailRestriction -->
            </div>
            
            <div class="addToTrolleytabBox">
            <!-- addToTrolleytabBox LIST VIEW--><!-- Start UserSubscribedOrNot.jspf --><!-- Start UserSubscribedOrNot.jsp --><!-- 
    If the user is not logged in, render this opening 
    DIV adding an addtional class to fix the border top which is removed 
    and replaced by the tabs
-->
<div class="addToTrolleytabContainer addItemBorderTop">
<!-- End AddToSubscriptionList.jsp --><!-- End AddSubscriptionList.jspf --><!-- 
                    ATTENTION!!!
                    <div class="addToTrolleytabContainer">
                    This opening div is inside "../../ReusableObjects/UserSubscribedOrNot.jsp"
                    -->
                <div class="pricingAndTrolleyOptions">  
                    <div class="priceTab activeContainer priceTabContainer" id="addItem_1254279"> 
                        <div class="pricing">
                            
<p class="pricePerUnit">
Â£1.30 
</p>

<p class="pricePerMeasure">Â£2.60<abbr title="per">/</abbr>100<abbr title="gram"><span class="pricePerMeasureMeasure">g</span></abbr>
</p>

                                
                        </div>  
                          
                                    <div class="addToTrolleyForm ">   
                                        <!-- BEGIN AddToTrolley.jsp --><!-- fire an on add to bag here from  -->

<form class="addToTrolleyForm" name="OrderItemAddForm_1254278" action="OrderItemAdd" method="post" id="OrderItemAddForm_1254278">
    <input type="hidden" name="storeId" value="10151">
    <input type="hidden" name="langId" value="44">
    <input type="hidden" name="catalogId" value="10241">
    <input type="hidden" name="authToken" id="authToken1254278" value="-1002%2C3jIiHU%2F3lFc4jalpGDAhYOztAdQ%3D">
    
    
    <input type="hidden" name="errorViewName" value="PromotionDisplayView">
    <input type="hidden" name="SKU_ID" value="7944192">
    <input type="hidden" name="itemType" value="">
    <input type="hidden" name="parentSKU" value="">
    
    
       <input type="hidden" id="productCatentryId_1254279" value="1254278">
       <input type="hidden" id="catEntryId_1254278" value="1254279">
       <input type="hidden" name="ItemSKU_ID" value="7944192">
     
        
        <div class="quantity hidden" id="updateQtyPanelProduct_1254278" data-qty="">
            <ul>
                <li>
                    <a class="button decreaseQty " id="decreaseQty_1254278" href="#">-</a> 
                </li>
                <li>	
                    <label class="access" for="quantity_1254278">Quantity</label>						
                    <a href="#" class="button quantityPlp  " id="quantityUpdate_1254278">
                        </a>
                    <input name="quantity" id="quantity_1254278" type="hidden" size="3" value="" class="quantity">		        
                </li>
                <li>
                    
                    <a class="button increaseQty " id="increaseQty_1254278" href="#">+</a>
                </li>
            </ul>
        </div>				
            
        
            <input type="hidden" name="catEntryId" value="1254279">
        

        <input type="hidden" name="productId" value="1254278">
        

    <input type="hidden" name="URL" value="https://www.sainsburys.co.uk/webapp/wcs/stores/servlet/PromotionDisplayView?listId=2&amp;catalogId=10241&amp;productId=1117540&amp;langId=44&amp;storeId=10151&amp;promotionId=10669742">
    <input type="hidden" name="page" value="">
    <input type="hidden" name="contractId" value="">
    <input type="hidden" name="calculateOrder" value="1">
    <input type="hidden" name="calculationUsage" value="-1,-2,-3">
    <input type="hidden" name="updateable" value="1">
    <input type="hidden" name="merge" value="***">

                                  
            <input type="hidden" id="updateUrl_1254278" updateurlchild_1254279="AjaxOrderItemUpdate?calculateOrder=1&amp;itemType=&amp;ordItemUpdateFlag=0&amp;orderId=.&amp;updatePrices=1&amp;authToken=-1002%252C3jIiHU%252F3lFc4jalpGDAhYOztAdQ%253D&amp;calculationUsage=-1,-2,-3&amp;storeId=10151&amp;errorViewName=AjaxQuickCartDisplay&amp;URL=AjaxQuickCartDisplay&amp;catEntryId=1254279&amp;orderItemId_0=&amp;UOM_0=&amp;langId=44&amp;quantity_0=1">
            <input type="hidden" id="removeUrl_1254278" removeurlchild_1254279="AjaxOrderItemUpdate?calculateOrder=1&amp;itemType=&amp;productId=&amp;ordItemUpdateFlag=2&amp;orderId=.&amp;updatePrices=1&amp;authToken=-1002%252C3jIiHU%252F3lFc4jalpGDAhYOztAdQ%253D&amp;calculationUsage=-1,-2,-3&amp;storeId=10151&amp;errorViewName=AjaxQuickCartDisplay&amp;URL=AjaxQuickCartDisplay&amp;catEntryId=1254279&amp;productSKU=&amp;orderItemId_0=&amp;qtyDecremented=true&amp;langId=44&amp;quantity_0=0">           
         
       <input type="hidden" name="callAjax" value="false">
       
    
    <div class="add2Cart " id="addQtyPanelProduct_1254278">    
        
            <a class="button process addQty  " id="addQty_1254278" href="#">
                Add
            </a>

            <input type="hidden" name="Add" value="Add">
        
    </div>

</form>
<!-- END AddToTrolley.jsp -->
                                    </div>  
                                
                    </div><!-- END priceTabContainer Add container --><!-- Subscribe container --><!-- Start AddToSubscriptionList.jspf --><!-- Start AddToSubscriptionList.jsp --><!-- End AddToSubscriptionList.jsp --><!-- End AddToSubscriptionList.jspf --> 
                </div>  
            </div>  
        </div>
    </div>     
    </div> 
    <div id="additionalItems_1254279" class="additionalItems">
        <!-- BEGIN MerchandisingAssociationsDisplay.jsp --><!-- Start - JSP File Name:  MerchandisingAssociationsDisplay.jsp --><!-- END MerchandisingAssociationsDisplay.jsp -->  
    </div> 

<!-- END CatalogEntryThumbnailDisplay.jsp -->
                            </li>
                        
                            <li>
                                
                                                <div class="trolleySummary"><p class="saving">
                                                         <!-- %@ include file="../../include/PromotionStrapline.jspf"% -->
                                                </p></div>
                                            
                                                <div class="trolleySummary"><p class="saving">
                                                         <!-- %@ include file="../../include/PromotionStrapline.jspf"% -->
                                                </p></div>
                                            
                                                <div class="trolleySummary"><p class="saving">
                                                         <!-- %@ include file="../../include/PromotionStrapline.jspf"% -->
                                                </p></div>
                                            <!-- BEGIN CatalogEntryThumbnailDisplay.jsp -->
    <div class="product ">
        
        <div class="errorBanner hidden" id="error966196"></div>
                        
        
        <div class="productInner">
            <div class="productInfoWrapper">
                <div class="productInfo">
                    
                            <h3>
                                <a href="https://www.sainsburys.co.uk/shop/gb/groceries/product/details/walkers-max-crisps-paprika-50g">
                                    Walkers Max Crisps Paprika 50g
                                    <img src="https://assets.sainsburys-groceries.co.uk/gol/3165515/image.jpg" alt="">
                                </a>
                            </h3>
                        
<div class="promotion">

                        <p>
                            <a strapline="Meal Deal for Â£5.00 | 3165515" href="https://www.sainsburys.co.uk/shop/PromotionDisplayView?listId=2&amp;catalogId=10241&amp;productId=966196&amp;langId=44&amp;storeId=10151&amp;promotionId=10664136"><!-- BEGIN include/PromotionStrapline.jspf -->Meal Deal for Â£5.00<br>

<!-- FINISH include/PromotionStrapline.jspf -->
                            </a>
                        </p>
                    
                        <p>
                            <a strapline="Meal Deal for Â£3.75 | 3165515" href="https://www.sainsburys.co.uk/shop/PromotionDisplayView?listId=2&amp;catalogId=10241&amp;productId=966196&amp;langId=44&amp;storeId=10151&amp;promotionId=10669742">PLUS <!-- BEGIN include/PromotionStrapline.jspf -->Meal Deal for Â£3.75<br>

<!-- FINISH include/PromotionStrapline.jspf -->
                            </a>
                        </p>
                                
</div>

                    <div class="ThumbnailRoundel">
                    <!--ThumbnailRoundel --> 
                    </div>
                    <div class="promoBages">
                        <!-- PROMOTION -->
                    </div>


                    <!-- Review --><!-- BEGIN CatalogEntryRatingsReviewsInfo.jspf --><!-- productAllowedRatingsAndReviews: true -->
<div class="reviews">

    <a class="numberOfReviews" href="https://www.sainsburys.co.uk/shop/gb/groceries/product/details/walkers-max-crisps-paprika-50g">
        <img src="//www.sainsburys.co.uk/wcsstore7.137.2/SainsburysStorefrontAssetStore/img/stars/rating-4_7.gif" alt="4.7273" border="0">&nbsp; 
        Reviews (11)
    </a>

</div>
<!-- END CatalogEntryRatingsReviewsInfo.jspf -->
                </div>
                <!--ThumbnailRestriction -->
            </div>
            
            <div class="addToTrolleytabBox">
            <!-- addToTrolleytabBox LIST VIEW--><!-- Start UserSubscribedOrNot.jspf --><!-- Start UserSubscribedOrNot.jsp --><!-- 
    If the user is not logged in, render this opening 
    DIV adding an addtional class to fix the border top which is removed 
    and replaced by the tabs
-->
<div class="addToTrolleytabContainer addItemBorderTop">
<!-- End AddToSubscriptionList.jsp --><!-- End AddSubscriptionList.jspf --><!-- 
                    ATTENTION!!!
                    <div class="addToTrolleytabContainer">
                    This opening div is inside "../../ReusableObjects/UserSubscribedOrNot.jsp"
                    -->
                <div class="pricingAndTrolleyOptions">  
                    <div class="priceTab activeContainer priceTabContainer" id="addItem_966197"> 
                        <div class="pricing">
                            
<p class="pricePerUnit">
Â£1.10 
</p>

<p class="pricePerMeasure">Â£2.20<abbr title="per">/</abbr>100<abbr title="gram"><span class="pricePerMeasureMeasure">g</span></abbr>
</p>

                                
                        </div>  
                          
                                    <div class="addToTrolleyForm ">   
                                        <!-- BEGIN AddToTrolley.jsp --><!-- fire an on add to bag here from  -->

<form class="addToTrolleyForm" name="OrderItemAddForm_966196" action="OrderItemAdd" method="post" id="OrderItemAddForm_966196">
    <input type="hidden" name="storeId" value="10151">
    <input type="hidden" name="langId" value="44">
    <input type="hidden" name="catalogId" value="10241">
    <input type="hidden" name="authToken" id="authToken966196" value="-1002%2C3jIiHU%2F3lFc4jalpGDAhYOztAdQ%3D">
    
    
    <input type="hidden" name="errorViewName" value="PromotionDisplayView">
    <input type="hidden" name="SKU_ID" value="3165515">
    <input type="hidden" name="itemType" value="">
    <input type="hidden" name="parentSKU" value="">
    
    
       <input type="hidden" id="productCatentryId_966197" value="966196">
       <input type="hidden" id="catEntryId_966196" value="966197">
       <input type="hidden" name="ItemSKU_ID" value="3165515">
     
        
        <div class="quantity hidden" id="updateQtyPanelProduct_966196" data-qty="">
            <ul>
                <li>
                    <a class="button decreaseQty " id="decreaseQty_966196" href="#">-</a> 
                </li>
                <li>	
                    <label class="access" for="quantity_966196">Quantity</label>						
                    <a href="#" class="button quantityPlp  " id="quantityUpdate_966196">
                        </a>
                    <input name="quantity" id="quantity_966196" type="hidden" size="3" value="" class="quantity">		        
                </li>
                <li>
                    
                    <a class="button increaseQty " id="increaseQty_966196" href="#">+</a>
                </li>
            </ul>
        </div>				
            
        
            <input type="hidden" name="catEntryId" value="966197">
        

        <input type="hidden" name="productId" value="966196">
        

    <input type="hidden" name="URL" value="https://www.sainsburys.co.uk/webapp/wcs/stores/servlet/PromotionDisplayView?listId=2&amp;catalogId=10241&amp;productId=1117540&amp;langId=44&amp;storeId=10151&amp;promotionId=10669742">
    <input type="hidden" name="page" value="">
    <input type="hidden" name="contractId" value="">
    <input type="hidden" name="calculateOrder" value="1">
    <input type="hidden" name="calculationUsage" value="-1,-2,-3">
    <input type="hidden" name="updateable" value="1">
    <input type="hidden" name="merge" value="***">

                                  
            <input type="hidden" id="updateUrl_966196" updateurlchild_966197="AjaxOrderItemUpdate?calculateOrder=1&amp;itemType=&amp;ordItemUpdateFlag=0&amp;orderId=.&amp;updatePrices=1&amp;authToken=-1002%252C3jIiHU%252F3lFc4jalpGDAhYOztAdQ%253D&amp;calculationUsage=-1,-2,-3&amp;storeId=10151&amp;errorViewName=AjaxQuickCartDisplay&amp;URL=AjaxQuickCartDisplay&amp;catEntryId=966197&amp;orderItemId_0=&amp;UOM_0=&amp;langId=44&amp;quantity_0=1">
            <input type="hidden" id="removeUrl_966196" removeurlchild_966197="AjaxOrderItemUpdate?calculateOrder=1&amp;itemType=&amp;productId=&amp;ordItemUpdateFlag=2&amp;orderId=.&amp;updatePrices=1&amp;authToken=-1002%252C3jIiHU%252F3lFc4jalpGDAhYOztAdQ%253D&amp;calculationUsage=-1,-2,-3&amp;storeId=10151&amp;errorViewName=AjaxQuickCartDisplay&amp;URL=AjaxQuickCartDisplay&amp;catEntryId=966197&amp;productSKU=&amp;orderItemId_0=&amp;qtyDecremented=true&amp;langId=44&amp;quantity_0=0">           
         
       <input type="hidden" name="callAjax" value="false">
       
    
    <div class="add2Cart " id="addQtyPanelProduct_966196">    
        
            <a class="button process addQty  " id="addQty_966196" href="#">
                Add
            </a>

            <input type="hidden" name="Add" value="Add">
        
    </div>

</form>
<!-- END AddToTrolley.jsp -->
                                    </div>  
                                
                    </div><!-- END priceTabContainer Add container --><!-- Subscribe container --><!-- Start AddToSubscriptionList.jspf --><!-- Start AddToSubscriptionList.jsp --><!-- End AddToSubscriptionList.jsp --><!-- End AddToSubscriptionList.jspf --> 
                </div>  
            </div>  
        </div>
    </div>     
    </div> 
    <div id="additionalItems_966197" class="additionalItems">
        <!-- BEGIN MerchandisingAssociationsDisplay.jsp --><!-- Start - JSP File Name:  MerchandisingAssociationsDisplay.jsp --><!-- END MerchandisingAssociationsDisplay.jsp -->  
    </div> 

<!-- END CatalogEntryThumbnailDisplay.jsp -->
                            </li>
                        
                            <li>
                                
                                                <div class="trolleySummary"><p class="saving">
                                                         <!-- %@ include file="../../include/PromotionStrapline.jspf"% -->
                                                </p></div>
                                            
                                                <div class="trolleySummary"><p class="saving">
                                                         <!-- %@ include file="../../include/PromotionStrapline.jspf"% -->
                                                </p></div>
                                            
                                                <div class="trolleySummary"><p class="saving">
                                                         <!-- %@ include file="../../include/PromotionStrapline.jspf"% -->
                                                </p></div>
                                            <!-- BEGIN CatalogEntryThumbnailDisplay.jsp -->
    <div class="product ">
        
        <div class="errorBanner hidden" id="error1050826"></div>
                        
        
        <div class="productInner">
            <div class="productInfoWrapper">
                <div class="productInfo">
                    
                            <h3>
                                <a href="https://www.sainsburys.co.uk/shop/gb/groceries/product/details/walkers-max-flame-grilled-steak-50g">
                                    Walkers Max Flame Grilled Steak Crisps 50g
                                    <img src="https://assets.sainsburys-groceries.co.uk/gol/7812466/image.jpg" alt="">
                                </a>
                            </h3>
                        
<div class="promotion">

                        <p>
                            <a strapline="Meal Deal for Â£5.00 | 7812466" href="https://www.sainsburys.co.uk/shop/PromotionDisplayView?listId=2&amp;catalogId=10241&amp;productId=1050826&amp;langId=44&amp;storeId=10151&amp;promotionId=10664136"><!-- BEGIN include/PromotionStrapline.jspf -->Meal Deal for Â£5.00<br>

<!-- FINISH include/PromotionStrapline.jspf -->
                            </a>
                        </p>
                    
                        <p>
                            <a strapline="Meal Deal for Â£3.75 | 7812466" href="https://www.sainsburys.co.uk/shop/PromotionDisplayView?listId=2&amp;catalogId=10241&amp;productId=1050826&amp;langId=44&amp;storeId=10151&amp;promotionId=10669742">PLUS <!-- BEGIN include/PromotionStrapline.jspf -->Meal Deal for Â£3.75<br>

<!-- FINISH include/PromotionStrapline.jspf -->
                            </a>
                        </p>
                                
</div>

                    <div class="ThumbnailRoundel">
                    <!--ThumbnailRoundel --> 
                    </div>
                    <div class="promoBages">
                        <!-- PROMOTION -->
                    </div>


                    <!-- Review --><!-- BEGIN CatalogEntryRatingsReviewsInfo.jspf --><!-- productAllowedRatingsAndReviews: true -->
<div class="reviews">

    <a class="numberOfReviews" href="https://www.sainsburys.co.uk/shop/gb/groceries/product/details/walkers-max-flame-grilled-steak-50g">
        <img src="//www.sainsburys.co.uk/wcsstore7.137.2/SainsburysStorefrontAssetStore/img/stars/rating-4_3.gif" alt="4.25" border="0">&nbsp; 
        Reviews (12)
    </a>

</div>
<!-- END CatalogEntryRatingsReviewsInfo.jspf -->
                </div>
                <!--ThumbnailRestriction -->
            </div>
            
            <div class="addToTrolleytabBox">
            <!-- addToTrolleytabBox LIST VIEW--><!-- Start UserSubscribedOrNot.jspf --><!-- Start UserSubscribedOrNot.jsp --><!-- 
    If the user is not logged in, render this opening 
    DIV adding an addtional class to fix the border top which is removed 
    and replaced by the tabs
-->
<div class="addToTrolleytabContainer addItemBorderTop">
<!-- End AddToSubscriptionList.jsp --><!-- End AddSubscriptionList.jspf --><!-- 
                    ATTENTION!!!
                    <div class="addToTrolleytabContainer">
                    This opening div is inside "../../ReusableObjects/UserSubscribedOrNot.jsp"
                    -->
                <div class="pricingAndTrolleyOptions">  
                    <div class="priceTab activeContainer priceTabContainer" id="addItem_1050827"> 
                        <div class="pricing">
                            
<p class="pricePerUnit">
Â£1.10 
</p>

<p class="pricePerMeasure">Â£2.20<abbr title="per">/</abbr>100<abbr title="gram"><span class="pricePerMeasureMeasure">g</span></abbr>
</p>

                                
                        </div>  
                          
                                    <div class="addToTrolleyForm ">   
                                        <!-- BEGIN AddToTrolley.jsp --><!-- fire an on add to bag here from  -->

<form class="addToTrolleyForm" name="OrderItemAddForm_1050826" action="OrderItemAdd" method="post" id="OrderItemAddForm_1050826">
    <input type="hidden" name="storeId" value="10151">
    <input type="hidden" name="langId" value="44">
    <input type="hidden" name="catalogId" value="10241">
    <input type="hidden" name="authToken" id="authToken1050826" value="-1002%2C3jIiHU%2F3lFc4jalpGDAhYOztAdQ%3D">
    
    
    <input type="hidden" name="errorViewName" value="PromotionDisplayView">
    <input type="hidden" name="SKU_ID" value="7812466">
    <input type="hidden" name="itemType" value="">
    <input type="hidden" name="parentSKU" value="">
    
    
       <input type="hidden" id="productCatentryId_1050827" value="1050826">
       <input type="hidden" id="catEntryId_1050826" value="1050827">
       <input type="hidden" name="ItemSKU_ID" value="7812466">
     
        
        <div class="quantity hidden" id="updateQtyPanelProduct_1050826" data-qty="">
            <ul>
                <li>
                    <a class="button decreaseQty " id="decreaseQty_1050826" href="#">-</a> 
                </li>
                <li>	
                    <label class="access" for="quantity_1050826">Quantity</label>						
                    <a href="#" class="button quantityPlp  " id="quantityUpdate_1050826">
                        </a>
                    <input name="quantity" id="quantity_1050826" type="hidden" size="3" value="" class="quantity">		        
                </li>
                <li>
                    
                    <a class="button increaseQty " id="increaseQty_1050826" href="#">+</a>
                </li>
            </ul>
        </div>				
            
        
            <input type="hidden" name="catEntryId" value="1050827">
        

        <input type="hidden" name="productId" value="1050826">
        

    <input type="hidden" name="URL" value="https://www.sainsburys.co.uk/webapp/wcs/stores/servlet/PromotionDisplayView?listId=2&amp;catalogId=10241&amp;productId=1117540&amp;langId=44&amp;storeId=10151&amp;promotionId=10669742">
    <input type="hidden" name="page" value="">
    <input type="hidden" name="contractId" value="">
    <input type="hidden" name="calculateOrder" value="1">
    <input type="hidden" name="calculationUsage" value="-1,-2,-3">
    <input type="hidden" name="updateable" value="1">
    <input type="hidden" name="merge" value="***">

                                  
            <input type="hidden" id="updateUrl_1050826" updateurlchild_1050827="AjaxOrderItemUpdate?calculateOrder=1&amp;itemType=&amp;ordItemUpdateFlag=0&amp;orderId=.&amp;updatePrices=1&amp;authToken=-1002%252C3jIiHU%252F3lFc4jalpGDAhYOztAdQ%253D&amp;calculationUsage=-1,-2,-3&amp;storeId=10151&amp;errorViewName=AjaxQuickCartDisplay&amp;URL=AjaxQuickCartDisplay&amp;catEntryId=1050827&amp;orderItemId_0=&amp;UOM_0=&amp;langId=44&amp;quantity_0=1">
            <input type="hidden" id="removeUrl_1050826" removeurlchild_1050827="AjaxOrderItemUpdate?calculateOrder=1&amp;itemType=&amp;productId=&amp;ordItemUpdateFlag=2&amp;orderId=.&amp;updatePrices=1&amp;authToken=-1002%252C3jIiHU%252F3lFc4jalpGDAhYOztAdQ%253D&amp;calculationUsage=-1,-2,-3&amp;storeId=10151&amp;errorViewName=AjaxQuickCartDisplay&amp;URL=AjaxQuickCartDisplay&amp;catEntryId=1050827&amp;productSKU=&amp;orderItemId_0=&amp;qtyDecremented=true&amp;langId=44&amp;quantity_0=0">           
         
       <input type="hidden" name="callAjax" value="false">
       
    
    <div class="add2Cart " id="addQtyPanelProduct_1050826">    
        
            <a class="button process addQty  " id="addQty_1050826" href="#">
                Add
            </a>

            <input type="hidden" name="Add" value="Add">
        
    </div>

</form>
<!-- END AddToTrolley.jsp -->
                                    </div>  
                                
                    </div><!-- END priceTabContainer Add container --><!-- Subscribe container --><!-- Start AddToSubscriptionList.jspf --><!-- Start AddToSubscriptionList.jsp --><!-- End AddToSubscriptionList.jsp --><!-- End AddToSubscriptionList.jspf --> 
                </div>  
            </div>  
        </div>
    </div>     
    </div> 
    <div id="additionalItems_1050827" class="additionalItems">
        <!-- BEGIN MerchandisingAssociationsDisplay.jsp --><!-- Start - JSP File Name:  MerchandisingAssociationsDisplay.jsp --><!-- END MerchandisingAssociationsDisplay.jsp -->  
    </div> 

<!-- END CatalogEntryThumbnailDisplay.jsp -->
                            </li>
                        
                            <li>
                                
                                                <div class="trolleySummary"><p class="saving">
                                                         <!-- %@ include file="../../include/PromotionStrapline.jspf"% -->
                                                </p></div>
                                            
                                                <div class="trolleySummary"><p class="saving">
                                                         <!-- %@ include file="../../include/PromotionStrapline.jspf"% -->
                                                </p></div>
                                            
                                                <div class="trolleySummary"><p class="saving">
                                                         <!-- %@ include file="../../include/PromotionStrapline.jspf"% -->
                                                </p></div>
                                            <!-- BEGIN CatalogEntryThumbnailDisplay.jsp -->
    <div class="product ">
        
        <div class="errorBanner hidden" id="error1193602"></div>
                        
        
        <div class="productInner">
            <div class="productInfoWrapper">
                <div class="productInfo">
                    
                            <h3>
                                <a href="https://www.sainsburys.co.uk/shop/gb/groceries/product/details/rhythm-108-gluten-free-super-coconut-swiss-dark-chocolate-33g">
                                    Rhythm 108 Creamy Coconut with Swiss Dark Chocolate 33g
                                    <img src="https://assets.sainsburys-groceries.co.uk/gol/7901538/image.jpg" alt="">
                                </a>
                            </h3>
                        
<div class="promotion">

                        <p>
                            <a strapline="Meal Deal for Â£5.00 | 7901538" href="https://www.sainsburys.co.uk/shop/PromotionDisplayView?listId=2&amp;catalogId=10241&amp;productId=1193602&amp;langId=44&amp;storeId=10151&amp;promotionId=10664136"><!-- BEGIN include/PromotionStrapline.jspf -->Meal Deal for Â£5.00<br>

<!-- FINISH include/PromotionStrapline.jspf -->
                            </a>
                        </p>
                    
                        <p>
                            <a strapline="Meal Deal for Â£3.75 | 7901538" href="https://www.sainsburys.co.uk/shop/PromotionDisplayView?listId=2&amp;catalogId=10241&amp;productId=1193602&amp;langId=44&amp;storeId=10151&amp;promotionId=10669742">PLUS <!-- BEGIN include/PromotionStrapline.jspf -->Meal Deal for Â£3.75<br>

<!-- FINISH include/PromotionStrapline.jspf -->
                            </a>
                        </p>
                                
</div>

                    <div class="ThumbnailRoundel">
                    <!--ThumbnailRoundel --> 
                    </div>
                    <div class="promoBages">
                        <!-- PROMOTION -->

<div class="badges">
<ul>
    
            
             <li class="lastchild">

                                 
                <img src="/wcsstore7.137.2/SainsburysStorefrontAssetStore/wcassets/icons/2019/Organic_New.PNG" alt="ORGANIC">
                    
                
            </li>
        
</ul>   
</div>

                    </div>


                    <!-- Review --><!-- BEGIN CatalogEntryRatingsReviewsInfo.jspf --><!-- productAllowedRatingsAndReviews: true -->
<div class="reviews">

    <a class="numberOfReviews" href="https://www.sainsburys.co.uk/shop/gb/groceries/product/details/rhythm-108-gluten-free-super-coconut-swiss-dark-chocolate-33g">
        <img src="//www.sainsburys.co.uk/wcsstore7.137.2/SainsburysStorefrontAssetStore/img/stars/rating-4_3.gif" alt="4.2727" border="0">&nbsp; 
        Reviews (11)
    </a>

</div>
<!-- END CatalogEntryRatingsReviewsInfo.jspf -->
                </div>
                <!--ThumbnailRestriction -->
            </div>
            
            <div class="addToTrolleytabBox">
            <!-- addToTrolleytabBox LIST VIEW--><!-- Start UserSubscribedOrNot.jspf --><!-- Start UserSubscribedOrNot.jsp --><!-- 
    If the user is not logged in, render this opening 
    DIV adding an addtional class to fix the border top which is removed 
    and replaced by the tabs
-->
<div class="addToTrolleytabContainer addItemBorderTop">
<!-- End AddToSubscriptionList.jsp --><!-- End AddSubscriptionList.jspf --><!-- 
                    ATTENTION!!!
                    <div class="addToTrolleytabContainer">
                    This opening div is inside "../../ReusableObjects/UserSubscribedOrNot.jsp"
                    -->
                <div class="pricingAndTrolleyOptions">  
                    <div class="priceTab activeContainer priceTabContainer" id="addItem_1193603"> 
                        <div class="pricing">
                            
<p class="pricePerUnit">
Â£1.50 
</p>

<p class="pricePerMeasure">Â£4.55<abbr title="per">/</abbr>100<abbr title="gram"><span class="pricePerMeasureMeasure">g</span></abbr>
</p>

                                
                        </div>  
                          
                                    <div class="addToTrolleyForm ">   
                                        <!-- BEGIN AddToTrolley.jsp --><!-- fire an on add to bag here from  -->

<form class="addToTrolleyForm" name="OrderItemAddForm_1193602" action="OrderItemAdd" method="post" id="OrderItemAddForm_1193602">
    <input type="hidden" name="storeId" value="10151">
    <input type="hidden" name="langId" value="44">
    <input type="hidden" name="catalogId" value="10241">
    <input type="hidden" name="authToken" id="authToken1193602" value="-1002%2C3jIiHU%2F3lFc4jalpGDAhYOztAdQ%3D">
    
    
    <input type="hidden" name="errorViewName" value="PromotionDisplayView">
    <input type="hidden" name="SKU_ID" value="7901538">
    <input type="hidden" name="itemType" value="">
    <input type="hidden" name="parentSKU" value="">
    
    
       <input type="hidden" id="productCatentryId_1193603" value="1193602">
       <input type="hidden" id="catEntryId_1193602" value="1193603">
       <input type="hidden" name="ItemSKU_ID" value="7901538">
     
        
        <div class="quantity hidden" id="updateQtyPanelProduct_1193602" data-qty="">
            <ul>
                <li>
                    <a class="button decreaseQty " id="decreaseQty_1193602" href="#">-</a> 
                </li>
                <li>	
                    <label class="access" for="quantity_1193602">Quantity</label>						
                    <a href="#" class="button quantityPlp  " id="quantityUpdate_1193602">
                        </a>
                    <input name="quantity" id="quantity_1193602" type="hidden" size="3" value="" class="quantity">		        
                </li>
                <li>
                    
                    <a class="button increaseQty " id="increaseQty_1193602" href="#">+</a>
                </li>
            </ul>
        </div>				
            
        
            <input type="hidden" name="catEntryId" value="1193603">
        

        <input type="hidden" name="productId" value="1193602">
        

    <input type="hidden" name="URL" value="https://www.sainsburys.co.uk/webapp/wcs/stores/servlet/PromotionDisplayView?listId=2&amp;catalogId=10241&amp;productId=1117540&amp;langId=44&amp;storeId=10151&amp;promotionId=10669742">
    <input type="hidden" name="page" value="">
    <input type="hidden" name="contractId" value="">
    <input type="hidden" name="calculateOrder" value="1">
    <input type="hidden" name="calculationUsage" value="-1,-2,-3">
    <input type="hidden" name="updateable" value="1">
    <input type="hidden" name="merge" value="***">

                                  
            <input type="hidden" id="updateUrl_1193602" updateurlchild_1193603="AjaxOrderItemUpdate?calculateOrder=1&amp;itemType=&amp;ordItemUpdateFlag=0&amp;orderId=.&amp;updatePrices=1&amp;authToken=-1002%252C3jIiHU%252F3lFc4jalpGDAhYOztAdQ%253D&amp;calculationUsage=-1,-2,-3&amp;storeId=10151&amp;errorViewName=AjaxQuickCartDisplay&amp;URL=AjaxQuickCartDisplay&amp;catEntryId=1193603&amp;orderItemId_0=&amp;UOM_0=&amp;langId=44&amp;quantity_0=1">
            <input type="hidden" id="removeUrl_1193602" removeurlchild_1193603="AjaxOrderItemUpdate?calculateOrder=1&amp;itemType=&amp;productId=&amp;ordItemUpdateFlag=2&amp;orderId=.&amp;updatePrices=1&amp;authToken=-1002%252C3jIiHU%252F3lFc4jalpGDAhYOztAdQ%253D&amp;calculationUsage=-1,-2,-3&amp;storeId=10151&amp;errorViewName=AjaxQuickCartDisplay&amp;URL=AjaxQuickCartDisplay&amp;catEntryId=1193603&amp;productSKU=&amp;orderItemId_0=&amp;qtyDecremented=true&amp;langId=44&amp;quantity_0=0">           
         
       <input type="hidden" name="callAjax" value="false">
       
    
    <div class="add2Cart " id="addQtyPanelProduct_1193602">    
        
            <a class="button process addQty  " id="addQty_1193602" href="#">
                Add
            </a>

            <input type="hidden" name="Add" value="Add">
        
    </div>

</form>
<!-- END AddToTrolley.jsp -->
                                    </div>  
                                
                    </div><!-- END priceTabContainer Add container --><!-- Subscribe container --><!-- Start AddToSubscriptionList.jspf --><!-- Start AddToSubscriptionList.jsp --><!-- End AddToSubscriptionList.jsp --><!-- End AddToSubscriptionList.jspf --> 
                </div>  
            </div>  
        </div>
    </div>     
    </div> 
    <div id="additionalItems_1193603" class="additionalItems">
        <!-- BEGIN MerchandisingAssociationsDisplay.jsp --><!-- Start - JSP File Name:  MerchandisingAssociationsDisplay.jsp --><!-- END MerchandisingAssociationsDisplay.jsp -->  
    </div> 

<!-- END CatalogEntryThumbnailDisplay.jsp -->
                            </li>
                        
                            <li>
                                
                                                <div class="trolleySummary"><p class="saving">
                                                         <!-- %@ include file="../../include/PromotionStrapline.jspf"% -->
                                                </p></div>
                                            
                                                <div class="trolleySummary"><p class="saving">
                                                         <!-- %@ include file="../../include/PromotionStrapline.jspf"% -->
                                                </p></div>
                                            
                                                <div class="trolleySummary"><p class="saving">
                                                         <!-- %@ include file="../../include/PromotionStrapline.jspf"% -->
                                                </p></div>
                                            <!-- BEGIN CatalogEntryThumbnailDisplay.jsp -->
    <div class="product ">
        
        <div class="errorBanner hidden" id="error1019638"></div>
                        
        
        <div class="productInner">
            <div class="productInfoWrapper">
                <div class="productInfo">
                    
                            <h3>
                                <a href="https://www.sainsburys.co.uk/shop/gb/groceries/product/details/kind-nuts---spices-caramel-almond---sea-salt-bar-40g">
                                    KIND Caramel Almond &amp; Sea Salt Snack Bar 40g
                                    <img src="https://assets.sainsburys-groceries.co.uk/gol/7796192/image.jpg" alt="">
                                </a>
                            </h3>
                        
<div class="promotion">

                        <p>
                            <a strapline="Meal Deal for Â£5.00 | 7796192" href="https://www.sainsburys.co.uk/shop/PromotionDisplayView?listId=2&amp;catalogId=10241&amp;productId=1019638&amp;langId=44&amp;storeId=10151&amp;promotionId=10664136"><!-- BEGIN include/PromotionStrapline.jspf -->Meal Deal for Â£5.00<br>

<!-- FINISH include/PromotionStrapline.jspf -->
                            </a>
                        </p>
                    
                        <p>
                            <a strapline="Meal Deal for Â£3.75 | 7796192" href="https://www.sainsburys.co.uk/shop/PromotionDisplayView?listId=2&amp;catalogId=10241&amp;productId=1019638&amp;langId=44&amp;storeId=10151&amp;promotionId=10669742">PLUS <!-- BEGIN include/PromotionStrapline.jspf -->Meal Deal for Â£3.75<br>

<!-- FINISH include/PromotionStrapline.jspf -->
                            </a>
                        </p>
                                
</div>

                    <div class="ThumbnailRoundel">
                    <!--ThumbnailRoundel --> 
                    </div>
                    <div class="promoBages">
                        <!-- PROMOTION -->
                    </div>


                    <!-- Review --><!-- BEGIN CatalogEntryRatingsReviewsInfo.jspf --><!-- productAllowedRatingsAndReviews: true -->
<div class="reviews">

    <a class="numberOfReviews" href="https://www.sainsburys.co.uk/shop/gb/groceries/product/details/kind-nuts---spices-caramel-almond---sea-salt-bar-40g">
        <img src="//www.sainsburys.co.uk/wcsstore7.137.2/SainsburysStorefrontAssetStore/img/stars/rating-4_7.gif" alt="4.6981" border="0">&nbsp; 
        Reviews (53)
    </a>

</div>
<!-- END CatalogEntryRatingsReviewsInfo.jspf -->
                </div>
                <!--ThumbnailRestriction -->
            </div>
            
            <div class="addToTrolleytabBox">
            <!-- addToTrolleytabBox LIST VIEW--><!-- Start UserSubscribedOrNot.jspf --><!-- Start UserSubscribedOrNot.jsp --><!-- 
    If the user is not logged in, render this opening 
    DIV adding an addtional class to fix the border top which is removed 
    and replaced by the tabs
-->
<div class="addToTrolleytabContainer addItemBorderTop">
<!-- End AddToSubscriptionList.jsp --><!-- End AddSubscriptionList.jspf --><!-- 
                    ATTENTION!!!
                    <div class="addToTrolleytabContainer">
                    This opening div is inside "../../ReusableObjects/UserSubscribedOrNot.jsp"
                    -->
                <div class="pricingAndTrolleyOptions">  
                    <div class="priceTab activeContainer priceTabContainer" id="addItem_1019639"> 
                        <div class="pricing">
                            
<p class="pricePerUnit">
Â£1.40 
</p>

<p class="pricePerMeasure">Â£3.50<abbr title="per">/</abbr>100<abbr title="gram"><span class="pricePerMeasureMeasure">g</span></abbr>
</p>

                                
                        </div>  
                          
                                    <div class="addToTrolleyForm ">   
                                        <!-- BEGIN AddToTrolley.jsp --><!-- fire an on add to bag here from  -->

<form class="addToTrolleyForm" name="OrderItemAddForm_1019638" action="OrderItemAdd" method="post" id="OrderItemAddForm_1019638">
    <input type="hidden" name="storeId" value="10151">
    <input type="hidden" name="langId" value="44">
    <input type="hidden" name="catalogId" value="10241">
    <input type="hidden" name="authToken" id="authToken1019638" value="-1002%2C3jIiHU%2F3lFc4jalpGDAhYOztAdQ%3D">
    
    
    <input type="hidden" name="errorViewName" value="PromotionDisplayView">
    <input type="hidden" name="SKU_ID" value="7796192">
    <input type="hidden" name="itemType" value="">
    <input type="hidden" name="parentSKU" value="">
    
    
       <input type="hidden" id="productCatentryId_1019639" value="1019638">
       <input type="hidden" id="catEntryId_1019638" value="1019639">
       <input type="hidden" name="ItemSKU_ID" value="7796192">
     
        
        <div class="quantity hidden" id="updateQtyPanelProduct_1019638" data-qty="">
            <ul>
                <li>
                    <a class="button decreaseQty " id="decreaseQty_1019638" href="#">-</a> 
                </li>
                <li>	
                    <label class="access" for="quantity_1019638">Quantity</label>						
                    <a href="#" class="button quantityPlp  " id="quantityUpdate_1019638">
                        </a>
                    <input name="quantity" id="quantity_1019638" type="hidden" size="3" value="" class="quantity">		        
                </li>
                <li>
                    
                    <a class="button increaseQty " id="increaseQty_1019638" href="#">+</a>
                </li>
            </ul>
        </div>				
            
        
            <input type="hidden" name="catEntryId" value="1019639">
        

        <input type="hidden" name="productId" value="1019638">
        

    <input type="hidden" name="URL" value="https://www.sainsburys.co.uk/webapp/wcs/stores/servlet/PromotionDisplayView?listId=2&amp;catalogId=10241&amp;productId=1117540&amp;langId=44&amp;storeId=10151&amp;promotionId=10669742">
    <input type="hidden" name="page" value="">
    <input type="hidden" name="contractId" value="">
    <input type="hidden" name="calculateOrder" value="1">
    <input type="hidden" name="calculationUsage" value="-1,-2,-3">
    <input type="hidden" name="updateable" value="1">
    <input type="hidden" name="merge" value="***">

                                  
            <input type="hidden" id="updateUrl_1019638" updateurlchild_1019639="AjaxOrderItemUpdate?calculateOrder=1&amp;itemType=&amp;ordItemUpdateFlag=0&amp;orderId=.&amp;updatePrices=1&amp;authToken=-1002%252C3jIiHU%252F3lFc4jalpGDAhYOztAdQ%253D&amp;calculationUsage=-1,-2,-3&amp;storeId=10151&amp;errorViewName=AjaxQuickCartDisplay&amp;URL=AjaxQuickCartDisplay&amp;catEntryId=1019639&amp;orderItemId_0=&amp;UOM_0=&amp;langId=44&amp;quantity_0=1">
            <input type="hidden" id="removeUrl_1019638" removeurlchild_1019639="AjaxOrderItemUpdate?calculateOrder=1&amp;itemType=&amp;productId=&amp;ordItemUpdateFlag=2&amp;orderId=.&amp;updatePrices=1&amp;authToken=-1002%252C3jIiHU%252F3lFc4jalpGDAhYOztAdQ%253D&amp;calculationUsage=-1,-2,-3&amp;storeId=10151&amp;errorViewName=AjaxQuickCartDisplay&amp;URL=AjaxQuickCartDisplay&amp;catEntryId=1019639&amp;productSKU=&amp;orderItemId_0=&amp;qtyDecremented=true&amp;langId=44&amp;quantity_0=0">           
         
       <input type="hidden" name="callAjax" value="false">
       
    
    <div class="add2Cart " id="addQtyPanelProduct_1019638">    
        
            <a class="button process addQty  " id="addQty_1019638" href="#">
                Add
            </a>

            <input type="hidden" name="Add" value="Add">
        
    </div>

</form>
<!-- END AddToTrolley.jsp -->
                                    </div>  
                                
                    </div><!-- END priceTabContainer Add container --><!-- Subscribe container --><!-- Start AddToSubscriptionList.jspf --><!-- Start AddToSubscriptionList.jsp --><!-- End AddToSubscriptionList.jsp --><!-- End AddToSubscriptionList.jspf --> 
                </div>  
            </div>  
        </div>
    </div>     
    </div> 
    <div id="additionalItems_1019639" class="additionalItems">
        <!-- BEGIN MerchandisingAssociationsDisplay.jsp --><!-- Start - JSP File Name:  MerchandisingAssociationsDisplay.jsp --><!-- END MerchandisingAssociationsDisplay.jsp -->  
    </div> 

<!-- END CatalogEntryThumbnailDisplay.jsp -->
                            </li>
                        
                            <li>
                                
                                                <div class="trolleySummary"><p class="saving">
                                                         <!-- %@ include file="../../include/PromotionStrapline.jspf"% -->
                                                </p></div>
                                            
                                                <div class="trolleySummary"><p class="saving">
                                                         <!-- %@ include file="../../include/PromotionStrapline.jspf"% -->
                                                </p></div>
                                            
                                                <div class="trolleySummary"><p class="saving">
                                                         <!-- %@ include file="../../include/PromotionStrapline.jspf"% -->
                                                </p></div>
                                            <!-- BEGIN CatalogEntryThumbnailDisplay.jsp -->
    <div class="product ">
        
        <div class="errorBanner hidden" id="error46320"></div>
                        
        
        <div class="productInner">
            <div class="productInfoWrapper">
                <div class="productInfo">
                    
                            <h3>
                                <a href="https://www.sainsburys.co.uk/shop/gb/groceries/product/details/snickers-single-58g">
                                    Snickers Caramel Nougat Peanuts &amp; Milk Chocolate Snack Bar 48g
                                    <img src="https://assets.sainsburys-groceries.co.uk/gol/6831988/image.jpg" alt="">
                                </a>
                            </h3>
                        
<div class="promotion">

                        <p>
                            <a strapline="Meal Deal for Â£5.00 | 6831988" href="https://www.sainsburys.co.uk/shop/PromotionDisplayView?listId=2&amp;catalogId=10241&amp;productId=46320&amp;langId=44&amp;storeId=10151&amp;promotionId=10664136"><!-- BEGIN include/PromotionStrapline.jspf -->Meal Deal for Â£5.00<br>

<!-- FINISH include/PromotionStrapline.jspf -->
                            </a>
                        </p>
                    
                        <p>
                            <a strapline="Meal Deal for Â£3.75 | 6831988" href="https://www.sainsburys.co.uk/shop/PromotionDisplayView?listId=2&amp;catalogId=10241&amp;productId=46320&amp;langId=44&amp;storeId=10151&amp;promotionId=10669742">PLUS <!-- BEGIN include/PromotionStrapline.jspf -->Meal Deal for Â£3.75<br>

<!-- FINISH include/PromotionStrapline.jspf -->
                            </a>
                        </p>
                                
</div>

                    <div class="ThumbnailRoundel">
                    <!--ThumbnailRoundel --> 
                    </div>
                    <div class="promoBages">
                        <!-- PROMOTION -->
                    </div>


                    <!-- Review --><!-- BEGIN CatalogEntryRatingsReviewsInfo.jspf --><!-- productAllowedRatingsAndReviews: true -->
<div class="reviews">

    <a class="numberOfReviews" href="https://www.sainsburys.co.uk/shop/gb/groceries/product/details/snickers-single-58g">
        <img src="//www.sainsburys.co.uk/wcsstore7.137.2/SainsburysStorefrontAssetStore/img/stars/rating-4_7.gif" alt="4.7273" border="0">&nbsp; 
        Reviews (11)
    </a>

</div>
<!-- END CatalogEntryRatingsReviewsInfo.jspf -->
                </div>
                <!--ThumbnailRestriction -->
            </div>
            
            <div class="addToTrolleytabBox">
            <!-- addToTrolleytabBox LIST VIEW--><!-- Start UserSubscribedOrNot.jspf --><!-- Start UserSubscribedOrNot.jsp --><!-- 
    If the user is not logged in, render this opening 
    DIV adding an addtional class to fix the border top which is removed 
    and replaced by the tabs
-->
<div class="addToTrolleytabContainer addItemBorderTop">
<!-- End AddToSubscriptionList.jsp --><!-- End AddSubscriptionList.jspf --><!-- 
                    ATTENTION!!!
                    <div class="addToTrolleytabContainer">
                    This opening div is inside "../../ReusableObjects/UserSubscribedOrNot.jsp"
                    -->
                <div class="pricingAndTrolleyOptions">  
                    <div class="priceTab activeContainer priceTabContainer" id="addItem_46321"> 
                        <div class="pricing">
                            
<p class="pricePerUnit">
95p 
</p>

<p class="pricePerMeasure">Â£1.98<abbr title="per">/</abbr>100<abbr title="gram"><span class="pricePerMeasureMeasure">g</span></abbr>
</p>

                                
                        </div>  
                          
                                    <div class="addToTrolleyForm ">   
                                        <!-- BEGIN AddToTrolley.jsp --><!-- fire an on add to bag here from  -->

<form class="addToTrolleyForm" name="OrderItemAddForm_46320" action="OrderItemAdd" method="post" id="OrderItemAddForm_46320">
    <input type="hidden" name="storeId" value="10151">
    <input type="hidden" name="langId" value="44">
    <input type="hidden" name="catalogId" value="10241">
    <input type="hidden" name="authToken" id="authToken46320" value="-1002%2C3jIiHU%2F3lFc4jalpGDAhYOztAdQ%3D">
    
    
    <input type="hidden" name="errorViewName" value="PromotionDisplayView">
    <input type="hidden" name="SKU_ID" value="6831988">
    <input type="hidden" name="itemType" value="">
    <input type="hidden" name="parentSKU" value="">
    
    
       <input type="hidden" id="productCatentryId_46321" value="46320">
       <input type="hidden" id="catEntryId_46320" value="46321">
       <input type="hidden" name="ItemSKU_ID" value="6831988">
     
        
        <div class="quantity hidden" id="updateQtyPanelProduct_46320" data-qty="">
            <ul>
                <li>
                    <a class="button decreaseQty " id="decreaseQty_46320" href="#">-</a> 
                </li>
                <li>	
                    <label class="access" for="quantity_46320">Quantity</label>						
                    <a href="#" class="button quantityPlp  " id="quantityUpdate_46320">
                        </a>
                    <input name="quantity" id="quantity_46320" type="hidden" size="3" value="" class="quantity">		        
                </li>
                <li>
                    
                    <a class="button increaseQty " id="increaseQty_46320" href="#">+</a>
                </li>
            </ul>
        </div>				
            
        
            <input type="hidden" name="catEntryId" value="46321">
        

        <input type="hidden" name="productId" value="46320">
        

    <input type="hidden" name="URL" value="https://www.sainsburys.co.uk/webapp/wcs/stores/servlet/PromotionDisplayView?listId=2&amp;catalogId=10241&amp;productId=1117540&amp;langId=44&amp;storeId=10151&amp;promotionId=10669742">
    <input type="hidden" name="page" value="">
    <input type="hidden" name="contractId" value="">
    <input type="hidden" name="calculateOrder" value="1">
    <input type="hidden" name="calculationUsage" value="-1,-2,-3">
    <input type="hidden" name="updateable" value="1">
    <input type="hidden" name="merge" value="***">

                                  
            <input type="hidden" id="updateUrl_46320" updateurlchild_46321="AjaxOrderItemUpdate?calculateOrder=1&amp;itemType=&amp;ordItemUpdateFlag=0&amp;orderId=.&amp;updatePrices=1&amp;authToken=-1002%252C3jIiHU%252F3lFc4jalpGDAhYOztAdQ%253D&amp;calculationUsage=-1,-2,-3&amp;storeId=10151&amp;errorViewName=AjaxQuickCartDisplay&amp;URL=AjaxQuickCartDisplay&amp;catEntryId=46321&amp;orderItemId_0=&amp;UOM_0=&amp;langId=44&amp;quantity_0=1">
            <input type="hidden" id="removeUrl_46320" removeurlchild_46321="AjaxOrderItemUpdate?calculateOrder=1&amp;itemType=&amp;productId=&amp;ordItemUpdateFlag=2&amp;orderId=.&amp;updatePrices=1&amp;authToken=-1002%252C3jIiHU%252F3lFc4jalpGDAhYOztAdQ%253D&amp;calculationUsage=-1,-2,-3&amp;storeId=10151&amp;errorViewName=AjaxQuickCartDisplay&amp;URL=AjaxQuickCartDisplay&amp;catEntryId=46321&amp;productSKU=&amp;orderItemId_0=&amp;qtyDecremented=true&amp;langId=44&amp;quantity_0=0">           
         
       <input type="hidden" name="callAjax" value="false">
       
    
    <div class="add2Cart " id="addQtyPanelProduct_46320">    
        
            <a class="button process addQty  " id="addQty_46320" href="#">
                Add
            </a>

            <input type="hidden" name="Add" value="Add">
        
    </div>

</form>
<!-- END AddToTrolley.jsp -->
                                    </div>  
                                
                    </div><!-- END priceTabContainer Add container --><!-- Subscribe container --><!-- Start AddToSubscriptionList.jspf --><!-- Start AddToSubscriptionList.jsp --><!-- End AddToSubscriptionList.jsp --><!-- End AddToSubscriptionList.jspf --> 
                </div>  
            </div>  
        </div>
    </div>     
    </div> 
    <div id="additionalItems_46321" class="additionalItems">
        <!-- BEGIN MerchandisingAssociationsDisplay.jsp --><!-- Start - JSP File Name:  MerchandisingAssociationsDisplay.jsp --><!-- END MerchandisingAssociationsDisplay.jsp -->  
    </div> 

<!-- END CatalogEntryThumbnailDisplay.jsp -->
                            </li>
                        
                            <li>
                                
                                                <div class="trolleySummary"><p class="saving">
                                                         <!-- %@ include file="../../include/PromotionStrapline.jspf"% -->
                                                </p></div>
                                            
                                                <div class="trolleySummary"><p class="saving">
                                                         <!-- %@ include file="../../include/PromotionStrapline.jspf"% -->
                                                </p></div>
                                            
                                                <div class="trolleySummary"><p class="saving">
                                                         <!-- %@ include file="../../include/PromotionStrapline.jspf"% -->
                                                </p></div>
                                            <!-- BEGIN CatalogEntryThumbnailDisplay.jsp -->
    <div class="product ">
        
        <div class="errorBanner hidden" id="error1180706"></div>
                        
        
        <div class="productInner">
            <div class="productInfoWrapper">
                <div class="productInfo">
                    
                            <h3>
                                <a href="https://www.sainsburys.co.uk/shop/gb/groceries/product/details/nakd-bar-blueberry-muffin-35g">
                                    Nakd Blueberry Muffin Fruit &amp; Nut Bar 35g
                                    <img src="https://assets.sainsburys-groceries.co.uk/gol/7893316/image.jpg" alt="">
                                </a>
                            </h3>
                        
<div class="promotion">

                        <p>
                            <a strapline="Meal Deal for Â£5.00 | 7893316" href="https://www.sainsburys.co.uk/shop/PromotionDisplayView?listId=2&amp;catalogId=10241&amp;productId=1180706&amp;langId=44&amp;storeId=10151&amp;promotionId=10664136"><!-- BEGIN include/PromotionStrapline.jspf -->Meal Deal for Â£5.00<br>

<!-- FINISH include/PromotionStrapline.jspf -->
                            </a>
                        </p>
                    
                        <p>
                            <a strapline="Meal Deal for Â£3.75 | 7893316" href="https://www.sainsburys.co.uk/shop/PromotionDisplayView?listId=2&amp;catalogId=10241&amp;productId=1180706&amp;langId=44&amp;storeId=10151&amp;promotionId=10669742">PLUS <!-- BEGIN include/PromotionStrapline.jspf -->Meal Deal for Â£3.75<br>

<!-- FINISH include/PromotionStrapline.jspf -->
                            </a>
                        </p>
                                
</div>

                    <div class="ThumbnailRoundel">
                    <!--ThumbnailRoundel --> 
                    </div>
                    <div class="promoBages">
                        <!-- PROMOTION -->
                    </div>


                    <!-- Review --><!-- BEGIN CatalogEntryRatingsReviewsInfo.jspf --><!-- productAllowedRatingsAndReviews: true -->
<div class="reviews">

    <a class="numberOfReviews" href="https://www.sainsburys.co.uk/shop/gb/groceries/product/details/nakd-bar-blueberry-muffin-35g">
        <img src="//www.sainsburys.co.uk/wcsstore7.137.2/SainsburysStorefrontAssetStore/img/stars/rating-4_1.gif" alt="4.0513" border="0">&nbsp; 
        Reviews (39)
    </a>

</div>
<!-- END CatalogEntryRatingsReviewsInfo.jspf -->
                </div>
                <!--ThumbnailRestriction -->
            </div>
            
            <div class="addToTrolleytabBox">
            <!-- addToTrolleytabBox LIST VIEW--><!-- Start UserSubscribedOrNot.jspf --><!-- Start UserSubscribedOrNot.jsp --><!-- 
    If the user is not logged in, render this opening 
    DIV adding an addtional class to fix the border top which is removed 
    and replaced by the tabs
-->
<div class="addToTrolleytabContainer addItemBorderTop">
<!-- End AddToSubscriptionList.jsp --><!-- End AddSubscriptionList.jspf --><!-- 
                    ATTENTION!!!
                    <div class="addToTrolleytabContainer">
                    This opening div is inside "../../ReusableObjects/UserSubscribedOrNot.jsp"
                    -->
                <div class="pricingAndTrolleyOptions">  
                    <div class="priceTab activeContainer priceTabContainer" id="addItem_1180707"> 
                        <div class="pricing">
                            
<p class="pricePerUnit">
Â£1.00 
</p>

<p class="pricePerMeasure">Â£2.86<abbr title="per">/</abbr>100<abbr title="gram"><span class="pricePerMeasureMeasure">g</span></abbr>
</p>

                                
                        </div>  
                          
                                    <div class="addToTrolleyForm ">   
                                        <!-- BEGIN AddToTrolley.jsp --><!-- fire an on add to bag here from  -->

<form class="addToTrolleyForm" name="OrderItemAddForm_1180706" action="OrderItemAdd" method="post" id="OrderItemAddForm_1180706">
    <input type="hidden" name="storeId" value="10151">
    <input type="hidden" name="langId" value="44">
    <input type="hidden" name="catalogId" value="10241">
    <input type="hidden" name="authToken" id="authToken1180706" value="-1002%2C3jIiHU%2F3lFc4jalpGDAhYOztAdQ%3D">
    
    
    <input type="hidden" name="errorViewName" value="PromotionDisplayView">
    <input type="hidden" name="SKU_ID" value="7893316">
    <input type="hidden" name="itemType" value="">
    <input type="hidden" name="parentSKU" value="">
    
    
       <input type="hidden" id="productCatentryId_1180707" value="1180706">
       <input type="hidden" id="catEntryId_1180706" value="1180707">
       <input type="hidden" name="ItemSKU_ID" value="7893316">
     
        
        <div class="quantity hidden" id="updateQtyPanelProduct_1180706" data-qty="">
            <ul>
                <li>
                    <a class="button decreaseQty " id="decreaseQty_1180706" href="#">-</a> 
                </li>
                <li>	
                    <label class="access" for="quantity_1180706">Quantity</label>						
                    <a href="#" class="button quantityPlp  " id="quantityUpdate_1180706">
                        </a>
                    <input name="quantity" id="quantity_1180706" type="hidden" size="3" value="" class="quantity">		        
                </li>
                <li>
                    
                    <a class="button increaseQty " id="increaseQty_1180706" href="#">+</a>
                </li>
            </ul>
        </div>				
            
        
            <input type="hidden" name="catEntryId" value="1180707">
        

        <input type="hidden" name="productId" value="1180706">
        

    <input type="hidden" name="URL" value="https://www.sainsburys.co.uk/webapp/wcs/stores/servlet/PromotionDisplayView?listId=2&amp;catalogId=10241&amp;productId=1117540&amp;langId=44&amp;storeId=10151&amp;promotionId=10669742">
    <input type="hidden" name="page" value="">
    <input type="hidden" name="contractId" value="">
    <input type="hidden" name="calculateOrder" value="1">
    <input type="hidden" name="calculationUsage" value="-1,-2,-3">
    <input type="hidden" name="updateable" value="1">
    <input type="hidden" name="merge" value="***">

                                  
            <input type="hidden" id="updateUrl_1180706" updateurlchild_1180707="AjaxOrderItemUpdate?calculateOrder=1&amp;itemType=&amp;ordItemUpdateFlag=0&amp;orderId=.&amp;updatePrices=1&amp;authToken=-1002%252C3jIiHU%252F3lFc4jalpGDAhYOztAdQ%253D&amp;calculationUsage=-1,-2,-3&amp;storeId=10151&amp;errorViewName=AjaxQuickCartDisplay&amp;URL=AjaxQuickCartDisplay&amp;catEntryId=1180707&amp;orderItemId_0=&amp;UOM_0=&amp;langId=44&amp;quantity_0=1">
            <input type="hidden" id="removeUrl_1180706" removeurlchild_1180707="AjaxOrderItemUpdate?calculateOrder=1&amp;itemType=&amp;productId=&amp;ordItemUpdateFlag=2&amp;orderId=.&amp;updatePrices=1&amp;authToken=-1002%252C3jIiHU%252F3lFc4jalpGDAhYOztAdQ%253D&amp;calculationUsage=-1,-2,-3&amp;storeId=10151&amp;errorViewName=AjaxQuickCartDisplay&amp;URL=AjaxQuickCartDisplay&amp;catEntryId=1180707&amp;productSKU=&amp;orderItemId_0=&amp;qtyDecremented=true&amp;langId=44&amp;quantity_0=0">           
         
       <input type="hidden" name="callAjax" value="false">
       
    
    <div class="add2Cart " id="addQtyPanelProduct_1180706">    
        
            <a class="button process addQty  " id="addQty_1180706" href="#">
                Add
            </a>

            <input type="hidden" name="Add" value="Add">
        
    </div>

</form>
<!-- END AddToTrolley.jsp -->
                                    </div>  
                                
                    </div><!-- END priceTabContainer Add container --><!-- Subscribe container --><!-- Start AddToSubscriptionList.jspf --><!-- Start AddToSubscriptionList.jsp --><!-- End AddToSubscriptionList.jsp --><!-- End AddToSubscriptionList.jspf --> 
                </div>  
            </div>  
        </div>
    </div>     
    </div> 
    <div id="additionalItems_1180707" class="additionalItems">
        <!-- BEGIN MerchandisingAssociationsDisplay.jsp --><!-- Start - JSP File Name:  MerchandisingAssociationsDisplay.jsp --><!-- END MerchandisingAssociationsDisplay.jsp -->  
    </div> 

<!-- END CatalogEntryThumbnailDisplay.jsp -->
                            </li>
                        
                            <li>
                                
                                                <div class="trolleySummary"><p class="saving">
                                                         <!-- %@ include file="../../include/PromotionStrapline.jspf"% -->
                                                </p></div>
                                            
                                                <div class="trolleySummary"><p class="saving">
                                                         <!-- %@ include file="../../include/PromotionStrapline.jspf"% -->
                                                </p></div>
                                            
                                                <div class="trolleySummary"><p class="saving">
                                                         <!-- %@ include file="../../include/PromotionStrapline.jspf"% -->
                                                </p></div>
                                            <!-- BEGIN CatalogEntryThumbnailDisplay.jsp -->
    <div class="product ">
        
        <div class="errorBanner hidden" id="error1329108"></div>
                        
        
        <div class="productInner">
            <div class="productInfoWrapper">
                <div class="productInfo">
                    
                            <h3>
                                <a href="https://www.sainsburys.co.uk/shop/gb/groceries/product/details/walkers-salt-vinegar-crisps-45g">
                                    Walkers Salt &amp; Vinegar Crisps 45g
                                    <img src="https://assets.sainsburys-groceries.co.uk/gol/8001375/image.jpg" alt="">
                                </a>
                            </h3>
                        
<div class="promotion">

                        <p>
                            <a strapline="Meal Deal for Â£5.00 | 8001375" href="https://www.sainsburys.co.uk/shop/PromotionDisplayView?listId=2&amp;catalogId=10241&amp;productId=1329108&amp;langId=44&amp;storeId=10151&amp;promotionId=10664136"><!-- BEGIN include/PromotionStrapline.jspf -->Meal Deal for Â£5.00<br>

<!-- FINISH include/PromotionStrapline.jspf -->
                            </a>
                        </p>
                    
                        <p>
                            <a strapline="Meal Deal for Â£3.75 | 8001375" href="https://www.sainsburys.co.uk/shop/PromotionDisplayView?listId=2&amp;catalogId=10241&amp;productId=1329108&amp;langId=44&amp;storeId=10151&amp;promotionId=10669742">PLUS <!-- BEGIN include/PromotionStrapline.jspf -->Meal Deal for Â£3.75<br>

<!-- FINISH include/PromotionStrapline.jspf -->
                            </a>
                        </p>
                                
</div>

                    <div class="ThumbnailRoundel">
                    <!--ThumbnailRoundel --> 
                    </div>
                    <div class="promoBages">
                        <!-- PROMOTION -->
                    </div>


                    <!-- Review --><!-- BEGIN CatalogEntryRatingsReviewsInfo.jspf --><!-- productAllowedRatingsAndReviews: true -->
<div class="reviews">

    <a class="numberOfReviews" href="https://www.sainsburys.co.uk/shop/gb/groceries/product/details/walkers-salt-vinegar-crisps-45g">
        <img src="//www.sainsburys.co.uk/wcsstore7.137.2/SainsburysStorefrontAssetStore/img/stars/rating-4_6.gif" alt="4.5926" border="0">&nbsp; 
        Reviews (27)
    </a>

</div>
<!-- END CatalogEntryRatingsReviewsInfo.jspf -->
                </div>
                <!--ThumbnailRestriction -->
            </div>
            
            <div class="addToTrolleytabBox">
            <!-- addToTrolleytabBox LIST VIEW--><!-- Start UserSubscribedOrNot.jspf --><!-- Start UserSubscribedOrNot.jsp --><!-- 
    If the user is not logged in, render this opening 
    DIV adding an addtional class to fix the border top which is removed 
    and replaced by the tabs
-->
<div class="addToTrolleytabContainer addItemBorderTop">
<!-- End AddToSubscriptionList.jsp --><!-- End AddSubscriptionList.jspf --><!-- 
                    ATTENTION!!!
                    <div class="addToTrolleytabContainer">
                    This opening div is inside "../../ReusableObjects/UserSubscribedOrNot.jsp"
                    -->
                <div class="pricingAndTrolleyOptions">  
                    <div class="priceTab activeContainer priceTabContainer" id="addItem_1329109"> 
                        <div class="pricing">
                            
<p class="pricePerUnit">
Â£1.10 
</p>

<p class="pricePerMeasure">Â£2.44<abbr title="per">/</abbr>100<abbr title="gram"><span class="pricePerMeasureMeasure">g</span></abbr>
</p>

                                
                        </div>  
                          
                                    <div class="addToTrolleyForm ">   
                                        <!-- BEGIN AddToTrolley.jsp --><!-- fire an on add to bag here from  -->

<form class="addToTrolleyForm" name="OrderItemAddForm_1329108" action="OrderItemAdd" method="post" id="OrderItemAddForm_1329108">
    <input type="hidden" name="storeId" value="10151">
    <input type="hidden" name="langId" value="44">
    <input type="hidden" name="catalogId" value="10241">
    <input type="hidden" name="authToken" id="authToken1329108" value="-1002%2C3jIiHU%2F3lFc4jalpGDAhYOztAdQ%3D">
    
    
    <input type="hidden" name="errorViewName" value="PromotionDisplayView">
    <input type="hidden" name="SKU_ID" value="8001375">
    <input type="hidden" name="itemType" value="">
    <input type="hidden" name="parentSKU" value="">
    
    
       <input type="hidden" id="productCatentryId_1329109" value="1329108">
       <input type="hidden" id="catEntryId_1329108" value="1329109">
       <input type="hidden" name="ItemSKU_ID" value="8001375">
     
        
        <div class="quantity hidden" id="updateQtyPanelProduct_1329108" data-qty="">
            <ul>
                <li>
                    <a class="button decreaseQty " id="decreaseQty_1329108" href="#">-</a> 
                </li>
                <li>	
                    <label class="access" for="quantity_1329108">Quantity</label>						
                    <a href="#" class="button quantityPlp  " id="quantityUpdate_1329108">
                        </a>
                    <input name="quantity" id="quantity_1329108" type="hidden" size="3" value="" class="quantity">		        
                </li>
                <li>
                    
                    <a class="button increaseQty " id="increaseQty_1329108" href="#">+</a>
                </li>
            </ul>
        </div>				
            
        
            <input type="hidden" name="catEntryId" value="1329109">
        

        <input type="hidden" name="productId" value="1329108">
        

    <input type="hidden" name="URL" value="https://www.sainsburys.co.uk/webapp/wcs/stores/servlet/PromotionDisplayView?listId=2&amp;catalogId=10241&amp;productId=1117540&amp;langId=44&amp;storeId=10151&amp;promotionId=10669742">
    <input type="hidden" name="page" value="">
    <input type="hidden" name="contractId" value="">
    <input type="hidden" name="calculateOrder" value="1">
    <input type="hidden" name="calculationUsage" value="-1,-2,-3">
    <input type="hidden" name="updateable" value="1">
    <input type="hidden" name="merge" value="***">

                                  
            <input type="hidden" id="updateUrl_1329108" updateurlchild_1329109="AjaxOrderItemUpdate?calculateOrder=1&amp;itemType=&amp;ordItemUpdateFlag=0&amp;orderId=.&amp;updatePrices=1&amp;authToken=-1002%252C3jIiHU%252F3lFc4jalpGDAhYOztAdQ%253D&amp;calculationUsage=-1,-2,-3&amp;storeId=10151&amp;errorViewName=AjaxQuickCartDisplay&amp;URL=AjaxQuickCartDisplay&amp;catEntryId=1329109&amp;orderItemId_0=&amp;UOM_0=&amp;langId=44&amp;quantity_0=1">
            <input type="hidden" id="removeUrl_1329108" removeurlchild_1329109="AjaxOrderItemUpdate?calculateOrder=1&amp;itemType=&amp;productId=&amp;ordItemUpdateFlag=2&amp;orderId=.&amp;updatePrices=1&amp;authToken=-1002%252C3jIiHU%252F3lFc4jalpGDAhYOztAdQ%253D&amp;calculationUsage=-1,-2,-3&amp;storeId=10151&amp;errorViewName=AjaxQuickCartDisplay&amp;URL=AjaxQuickCartDisplay&amp;catEntryId=1329109&amp;productSKU=&amp;orderItemId_0=&amp;qtyDecremented=true&amp;langId=44&amp;quantity_0=0">           
         
       <input type="hidden" name="callAjax" value="false">
       
    
    <div class="add2Cart " id="addQtyPanelProduct_1329108">    
        
            <a class="button process addQty  " id="addQty_1329108" href="#">
                Add
            </a>

            <input type="hidden" name="Add" value="Add">
        
    </div>

</form>
<!-- END AddToTrolley.jsp -->
                                    </div>  
                                
                    </div><!-- END priceTabContainer Add container --><!-- Subscribe container --><!-- Start AddToSubscriptionList.jspf --><!-- Start AddToSubscriptionList.jsp --><!-- End AddToSubscriptionList.jsp --><!-- End AddToSubscriptionList.jspf --> 
                </div>  
            </div>  
        </div>
    </div>     
    </div> 
    <div id="additionalItems_1329109" class="additionalItems">
        <!-- BEGIN MerchandisingAssociationsDisplay.jsp --><!-- Start - JSP File Name:  MerchandisingAssociationsDisplay.jsp --><!-- END MerchandisingAssociationsDisplay.jsp -->  
    </div> 

<!-- END CatalogEntryThumbnailDisplay.jsp -->
                            </li>
                        
                            <li>
                                
                                                <div class="trolleySummary"><p class="saving">
                                                         <!-- %@ include file="../../include/PromotionStrapline.jspf"% -->
                                                </p></div>
                                            
                                                <div class="trolleySummary"><p class="saving">
                                                         <!-- %@ include file="../../include/PromotionStrapline.jspf"% -->
                                                </p></div>
                                            
                                                <div class="trolleySummary"><p class="saving">
                                                         <!-- %@ include file="../../include/PromotionStrapline.jspf"% -->
                                                </p></div>
                                            <!-- BEGIN CatalogEntryThumbnailDisplay.jsp -->
    <div class="product ">
        
        <div class="errorBanner hidden" id="error85054"></div>
                        
        
        <div class="productInner">
            <div class="productInfoWrapper">
                <div class="productInfo">
                    
                            <h3>
                                <a href="https://www.sainsburys.co.uk/shop/gb/groceries/product/details/mccoys-salt---vinegar-50g">
                                    McCoy's Salt and Malt Vinegar Grab Bag Crisps 45g
                                    <img src="https://assets.sainsburys-groceries.co.uk/gol/4055334/image.jpg" alt="">
                                </a>
                            </h3>
                        
<div class="promotion">

                        <p>
                            <a strapline="Meal Deal for Â£5.00 | 4055334" href="https://www.sainsburys.co.uk/shop/PromotionDisplayView?listId=2&amp;catalogId=10241&amp;productId=85054&amp;langId=44&amp;storeId=10151&amp;promotionId=10664136"><!-- BEGIN include/PromotionStrapline.jspf -->Meal Deal for Â£5.00<br>

<!-- FINISH include/PromotionStrapline.jspf -->
                            </a>
                        </p>
                    
                        <p>
                            <a strapline="Meal Deal for Â£3.75 | 4055334" href="https://www.sainsburys.co.uk/shop/PromotionDisplayView?listId=2&amp;catalogId=10241&amp;productId=85054&amp;langId=44&amp;storeId=10151&amp;promotionId=10669742">PLUS <!-- BEGIN include/PromotionStrapline.jspf -->Meal Deal for Â£3.75<br>

<!-- FINISH include/PromotionStrapline.jspf -->
                            </a>
                        </p>
                                
</div>

                    <div class="ThumbnailRoundel">
                    <!--ThumbnailRoundel --> 
                    </div>
                    <div class="promoBages">
                        <!-- PROMOTION -->
                    </div>


                    <!-- Review --><!-- BEGIN CatalogEntryRatingsReviewsInfo.jspf --><!-- productAllowedRatingsAndReviews: true -->
<div class="reviews">

    <a class="numberOfReviews" href="https://www.sainsburys.co.uk/shop/gb/groceries/product/details/mccoys-salt---vinegar-50g">
        <img src="//www.sainsburys.co.uk/wcsstore7.137.2/SainsburysStorefrontAssetStore/img/stars/rating-4_6.gif" alt="4.5833" border="0">&nbsp; 
        Reviews (12)
    </a>

</div>
<!-- END CatalogEntryRatingsReviewsInfo.jspf -->
                </div>
                <!--ThumbnailRestriction -->
            </div>
            
            <div class="addToTrolleytabBox">
            <!-- addToTrolleytabBox LIST VIEW--><!-- Start UserSubscribedOrNot.jspf --><!-- Start UserSubscribedOrNot.jsp --><!-- 
    If the user is not logged in, render this opening 
    DIV adding an addtional class to fix the border top which is removed 
    and replaced by the tabs
-->
<div class="addToTrolleytabContainer addItemBorderTop">
<!-- End AddToSubscriptionList.jsp --><!-- End AddSubscriptionList.jspf --><!-- 
                    ATTENTION!!!
                    <div class="addToTrolleytabContainer">
                    This opening div is inside "../../ReusableObjects/UserSubscribedOrNot.jsp"
                    -->
                <div class="pricingAndTrolleyOptions">  
                    <div class="priceTab activeContainer priceTabContainer" id="addItem_85055"> 
                        <div class="pricing">
                            
<p class="pricePerUnit">
Â£1.10 
</p>

<p class="pricePerMeasure">Â£2.44<abbr title="per">/</abbr>100<abbr title="gram"><span class="pricePerMeasureMeasure">g</span></abbr>
</p>

                                
                        </div>  
                          
                                    <div class="addToTrolleyForm ">   
                                        <!-- BEGIN AddToTrolley.jsp --><!-- fire an on add to bag here from  -->

<form class="addToTrolleyForm" name="OrderItemAddForm_85054" action="OrderItemAdd" method="post" id="OrderItemAddForm_85054">
    <input type="hidden" name="storeId" value="10151">
    <input type="hidden" name="langId" value="44">
    <input type="hidden" name="catalogId" value="10241">
    <input type="hidden" name="authToken" id="authToken85054" value="-1002%2C3jIiHU%2F3lFc4jalpGDAhYOztAdQ%3D">
    
    
    <input type="hidden" name="errorViewName" value="PromotionDisplayView">
    <input type="hidden" name="SKU_ID" value="4055334">
    <input type="hidden" name="itemType" value="">
    <input type="hidden" name="parentSKU" value="">
    
    
       <input type="hidden" id="productCatentryId_85055" value="85054">
       <input type="hidden" id="catEntryId_85054" value="85055">
       <input type="hidden" name="ItemSKU_ID" value="4055334">
     
        
        <div class="quantity hidden" id="updateQtyPanelProduct_85054" data-qty="">
            <ul>
                <li>
                    <a class="button decreaseQty " id="decreaseQty_85054" href="#">-</a> 
                </li>
                <li>	
                    <label class="access" for="quantity_85054">Quantity</label>						
                    <a href="#" class="button quantityPlp  " id="quantityUpdate_85054">
                        </a>
                    <input name="quantity" id="quantity_85054" type="hidden" size="3" value="" class="quantity">		        
                </li>
                <li>
                    
                    <a class="button increaseQty " id="increaseQty_85054" href="#">+</a>
                </li>
            </ul>
        </div>				
            
        
            <input type="hidden" name="catEntryId" value="85055">
        

        <input type="hidden" name="productId" value="85054">
        

    <input type="hidden" name="URL" value="https://www.sainsburys.co.uk/webapp/wcs/stores/servlet/PromotionDisplayView?listId=2&amp;catalogId=10241&amp;productId=1117540&amp;langId=44&amp;storeId=10151&amp;promotionId=10669742">
    <input type="hidden" name="page" value="">
    <input type="hidden" name="contractId" value="">
    <input type="hidden" name="calculateOrder" value="1">
    <input type="hidden" name="calculationUsage" value="-1,-2,-3">
    <input type="hidden" name="updateable" value="1">
    <input type="hidden" name="merge" value="***">

                                  
            <input type="hidden" id="updateUrl_85054" updateurlchild_85055="AjaxOrderItemUpdate?calculateOrder=1&amp;itemType=&amp;ordItemUpdateFlag=0&amp;orderId=.&amp;updatePrices=1&amp;authToken=-1002%252C3jIiHU%252F3lFc4jalpGDAhYOztAdQ%253D&amp;calculationUsage=-1,-2,-3&amp;storeId=10151&amp;errorViewName=AjaxQuickCartDisplay&amp;URL=AjaxQuickCartDisplay&amp;catEntryId=85055&amp;orderItemId_0=&amp;UOM_0=&amp;langId=44&amp;quantity_0=1">
            <input type="hidden" id="removeUrl_85054" removeurlchild_85055="AjaxOrderItemUpdate?calculateOrder=1&amp;itemType=&amp;productId=&amp;ordItemUpdateFlag=2&amp;orderId=.&amp;updatePrices=1&amp;authToken=-1002%252C3jIiHU%252F3lFc4jalpGDAhYOztAdQ%253D&amp;calculationUsage=-1,-2,-3&amp;storeId=10151&amp;errorViewName=AjaxQuickCartDisplay&amp;URL=AjaxQuickCartDisplay&amp;catEntryId=85055&amp;productSKU=&amp;orderItemId_0=&amp;qtyDecremented=true&amp;langId=44&amp;quantity_0=0">           
         
       <input type="hidden" name="callAjax" value="false">
       
    
    <div class="add2Cart " id="addQtyPanelProduct_85054">    
        
            <a class="button process addQty  " id="addQty_85054" href="#">
                Add
            </a>

            <input type="hidden" name="Add" value="Add">
        
    </div>

</form>
<!-- END AddToTrolley.jsp -->
                                    </div>  
                                
                    </div><!-- END priceTabContainer Add container --><!-- Subscribe container --><!-- Start AddToSubscriptionList.jspf --><!-- Start AddToSubscriptionList.jsp --><!-- End AddToSubscriptionList.jsp --><!-- End AddToSubscriptionList.jspf --> 
                </div>  
            </div>  
        </div>
    </div>     
    </div> 
    <div id="additionalItems_85055" class="additionalItems">
        <!-- BEGIN MerchandisingAssociationsDisplay.jsp --><!-- Start - JSP File Name:  MerchandisingAssociationsDisplay.jsp --><!-- END MerchandisingAssociationsDisplay.jsp -->  
    </div> 

<!-- END CatalogEntryThumbnailDisplay.jsp -->
                            </li>
                        
                            <li>
                                
                                                <div class="trolleySummary"><p class="saving">
                                                         <!-- %@ include file="../../include/PromotionStrapline.jspf"% -->
                                                </p></div>
                                            
                                                <div class="trolleySummary"><p class="saving">
                                                         <!-- %@ include file="../../include/PromotionStrapline.jspf"% -->
                                                </p></div>
                                            
                                                <div class="trolleySummary"><p class="saving">
                                                         <!-- %@ include file="../../include/PromotionStrapline.jspf"% -->
                                                </p></div>
                                            <!-- BEGIN CatalogEntryThumbnailDisplay.jsp -->
    <div class="product ">
        
        <div class="errorBanner hidden" id="error1131440"></div>
                        
        
        <div class="productInner">
            <div class="productInfoWrapper">
                <div class="productInfo">
                    
                            <h3>
                                <a href="https://www.sainsburys.co.uk/shop/gb/groceries/product/details/walkers-wotsits-really-cheesy-crisp-snacks-36g">
                                    Walkers Wotsits Really Cheesy Crisp Snacks 36g
                                    <img src="https://assets.sainsburys-groceries.co.uk/gol/7860772/image.jpg" alt="">
                                </a>
                            </h3>
                        
<div class="promotion">

                        <p>
                            <a strapline="Meal Deal for Â£5.00 | 7860772" href="https://www.sainsburys.co.uk/shop/PromotionDisplayView?listId=2&amp;catalogId=10241&amp;productId=1131440&amp;langId=44&amp;storeId=10151&amp;promotionId=10664136"><!-- BEGIN include/PromotionStrapline.jspf -->Meal Deal for Â£5.00<br>

<!-- FINISH include/PromotionStrapline.jspf -->
                            </a>
                        </p>
                    
                        <p>
                            <a strapline="Meal Deal for Â£3.75 | 7860772" href="https://www.sainsburys.co.uk/shop/PromotionDisplayView?listId=2&amp;catalogId=10241&amp;productId=1131440&amp;langId=44&amp;storeId=10151&amp;promotionId=10669742">PLUS <!-- BEGIN include/PromotionStrapline.jspf -->Meal Deal for Â£3.75<br>

<!-- FINISH include/PromotionStrapline.jspf -->
                            </a>
                        </p>
                                
</div>

                    <div class="ThumbnailRoundel">
                    <!--ThumbnailRoundel --> 
                    </div>
                    <div class="promoBages">
                        <!-- PROMOTION -->
                    </div>


                    <!-- Review --><!-- BEGIN CatalogEntryRatingsReviewsInfo.jspf --><!-- productAllowedRatingsAndReviews: true -->
<div class="reviews">

    <a class="numberOfReviews" href="https://www.sainsburys.co.uk/shop/gb/groceries/product/details/walkers-wotsits-really-cheesy-crisp-snacks-36g">
        <img src="//www.sainsburys.co.uk/wcsstore7.137.2/SainsburysStorefrontAssetStore/img/stars/rating-4_3.gif" alt="4.3421" border="0">&nbsp; 
        Reviews (38)
    </a>

</div>
<!-- END CatalogEntryRatingsReviewsInfo.jspf -->
                </div>
                <!--ThumbnailRestriction -->
            </div>
            
            <div class="addToTrolleytabBox">
            <!-- addToTrolleytabBox LIST VIEW--><!-- Start UserSubscribedOrNot.jspf --><!-- Start UserSubscribedOrNot.jsp --><!-- 
    If the user is not logged in, render this opening 
    DIV adding an addtional class to fix the border top which is removed 
    and replaced by the tabs
-->
<div class="addToTrolleytabContainer addItemBorderTop">
<!-- End AddToSubscriptionList.jsp --><!-- End AddSubscriptionList.jspf --><!-- 
                    ATTENTION!!!
                    <div class="addToTrolleytabContainer">
                    This opening div is inside "../../ReusableObjects/UserSubscribedOrNot.jsp"
                    -->
                <div class="pricingAndTrolleyOptions">  
                    <div class="priceTab activeContainer priceTabContainer" id="addItem_1131441"> 
                        <div class="pricing">
                            
<p class="pricePerUnit">
Â£1.10 
</p>

<p class="pricePerMeasure">Â£3.06<abbr title="per">/</abbr>100<abbr title="gram"><span class="pricePerMeasureMeasure">g</span></abbr>
</p>

                                
                        </div>  
                          
                                    <div class="addToTrolleyForm ">   
                                        <!-- BEGIN AddToTrolley.jsp --><!-- fire an on add to bag here from  -->

<form class="addToTrolleyForm" name="OrderItemAddForm_1131440" action="OrderItemAdd" method="post" id="OrderItemAddForm_1131440">
    <input type="hidden" name="storeId" value="10151">
    <input type="hidden" name="langId" value="44">
    <input type="hidden" name="catalogId" value="10241">
    <input type="hidden" name="authToken" id="authToken1131440" value="-1002%2C3jIiHU%2F3lFc4jalpGDAhYOztAdQ%3D">
    
    
    <input type="hidden" name="errorViewName" value="PromotionDisplayView">
    <input type="hidden" name="SKU_ID" value="7860772">
    <input type="hidden" name="itemType" value="">
    <input type="hidden" name="parentSKU" value="">
    
    
       <input type="hidden" id="productCatentryId_1131441" value="1131440">
       <input type="hidden" id="catEntryId_1131440" value="1131441">
       <input type="hidden" name="ItemSKU_ID" value="7860772">
     
        
        <div class="quantity hidden" id="updateQtyPanelProduct_1131440" data-qty="">
            <ul>
                <li>
                    <a class="button decreaseQty " id="decreaseQty_1131440" href="#">-</a> 
                </li>
                <li>	
                    <label class="access" for="quantity_1131440">Quantity</label>						
                    <a href="#" class="button quantityPlp  " id="quantityUpdate_1131440">
                        </a>
                    <input name="quantity" id="quantity_1131440" type="hidden" size="3" value="" class="quantity">		        
                </li>
                <li>
                    
                    <a class="button increaseQty " id="increaseQty_1131440" href="#">+</a>
                </li>
            </ul>
        </div>				
            
        
            <input type="hidden" name="catEntryId" value="1131441">
        

        <input type="hidden" name="productId" value="1131440">
        

    <input type="hidden" name="URL" value="https://www.sainsburys.co.uk/webapp/wcs/stores/servlet/PromotionDisplayView?listId=2&amp;catalogId=10241&amp;productId=1117540&amp;langId=44&amp;storeId=10151&amp;promotionId=10669742">
    <input type="hidden" name="page" value="">
    <input type="hidden" name="contractId" value="">
    <input type="hidden" name="calculateOrder" value="1">
    <input type="hidden" name="calculationUsage" value="-1,-2,-3">
    <input type="hidden" name="updateable" value="1">
    <input type="hidden" name="merge" value="***">

                                  
            <input type="hidden" id="updateUrl_1131440" updateurlchild_1131441="AjaxOrderItemUpdate?calculateOrder=1&amp;itemType=&amp;ordItemUpdateFlag=0&amp;orderId=.&amp;updatePrices=1&amp;authToken=-1002%252C3jIiHU%252F3lFc4jalpGDAhYOztAdQ%253D&amp;calculationUsage=-1,-2,-3&amp;storeId=10151&amp;errorViewName=AjaxQuickCartDisplay&amp;URL=AjaxQuickCartDisplay&amp;catEntryId=1131441&amp;orderItemId_0=&amp;UOM_0=&amp;langId=44&amp;quantity_0=1">
            <input type="hidden" id="removeUrl_1131440" removeurlchild_1131441="AjaxOrderItemUpdate?calculateOrder=1&amp;itemType=&amp;productId=&amp;ordItemUpdateFlag=2&amp;orderId=.&amp;updatePrices=1&amp;authToken=-1002%252C3jIiHU%252F3lFc4jalpGDAhYOztAdQ%253D&amp;calculationUsage=-1,-2,-3&amp;storeId=10151&amp;errorViewName=AjaxQuickCartDisplay&amp;URL=AjaxQuickCartDisplay&amp;catEntryId=1131441&amp;productSKU=&amp;orderItemId_0=&amp;qtyDecremented=true&amp;langId=44&amp;quantity_0=0">           
         
       <input type="hidden" name="callAjax" value="false">
       
    
    <div class="add2Cart " id="addQtyPanelProduct_1131440">    
        
            <a class="button process addQty  " id="addQty_1131440" href="#">
                Add
            </a>

            <input type="hidden" name="Add" value="Add">
        
    </div>

</form>
<!-- END AddToTrolley.jsp -->
                                    </div>  
                                
                    </div><!-- END priceTabContainer Add container --><!-- Subscribe container --><!-- Start AddToSubscriptionList.jspf --><!-- Start AddToSubscriptionList.jsp --><!-- End AddToSubscriptionList.jsp --><!-- End AddToSubscriptionList.jspf --> 
                </div>  
            </div>  
        </div>
    </div>     
    </div> 
    <div id="additionalItems_1131441" class="additionalItems">
        <!-- BEGIN MerchandisingAssociationsDisplay.jsp --><!-- Start - JSP File Name:  MerchandisingAssociationsDisplay.jsp --><!-- END MerchandisingAssociationsDisplay.jsp -->  
    </div> 

<!-- END CatalogEntryThumbnailDisplay.jsp -->
                            </li>
                        
                            <li>
                                
                                                <div class="trolleySummary"><p class="saving">
                                                         <!-- %@ include file="../../include/PromotionStrapline.jspf"% -->
                                                </p></div>
                                            
                                                <div class="trolleySummary"><p class="saving">
                                                         <!-- %@ include file="../../include/PromotionStrapline.jspf"% -->
                                                </p></div>
                                            
                                                <div class="trolleySummary"><p class="saving">
                                                         <!-- %@ include file="../../include/PromotionStrapline.jspf"% -->
                                                </p></div>
                                            <!-- BEGIN CatalogEntryThumbnailDisplay.jsp -->
    <div class="product ">
        
        <div class="errorBanner hidden" id="error1191718"></div>
                        
        
        <div class="productInner">
            <div class="productInfoWrapper">
                <div class="productInfo">
                    
                            <h3>
                                <a href="https://www.sainsburys.co.uk/shop/gb/groceries/product/details/sainsburys-on-the-go-roasted-salted-mixed-nuts-60g">
                                    Sainsbury's On the Go Roasted &amp; Salted Mixed Nuts 60g
                                    <img src="https://assets.sainsburys-groceries.co.uk/gol/7900282/image.jpg" alt="">
                                </a>
                            </h3>
                        
<div class="promotion">

                        <p>
                            <a strapline="Meal Deal for Â£5.00 | 7900282" href="https://www.sainsburys.co.uk/shop/PromotionDisplayView?listId=2&amp;catalogId=10241&amp;productId=1191718&amp;langId=44&amp;storeId=10151&amp;promotionId=10664136"><!-- BEGIN include/PromotionStrapline.jspf -->Meal Deal for Â£5.00<br>

<!-- FINISH include/PromotionStrapline.jspf -->
                            </a>
                        </p>
                    
                        <p>
                            <a strapline="Meal Deal for Â£3.75 | 7900282" href="https://www.sainsburys.co.uk/shop/PromotionDisplayView?listId=2&amp;catalogId=10241&amp;productId=1191718&amp;langId=44&amp;storeId=10151&amp;promotionId=10669742">PLUS <!-- BEGIN include/PromotionStrapline.jspf -->Meal Deal for Â£3.75<br>

<!-- FINISH include/PromotionStrapline.jspf -->
                            </a>
                        </p>
                                
</div>

                    <div class="ThumbnailRoundel">
                    <!--ThumbnailRoundel --> 
                    </div>
                    <div class="promoBages">
                        <!-- PROMOTION -->
                    </div>


                    <!-- Review --><!-- BEGIN CatalogEntryRatingsReviewsInfo.jspf --><!-- productAllowedRatingsAndReviews: true -->
<div class="reviews">

    <a class="numberOfReviews" href="https://www.sainsburys.co.uk/shop/gb/groceries/product/details/sainsburys-on-the-go-roasted-salted-mixed-nuts-60g">
        <img src="//www.sainsburys.co.uk/wcsstore7.137.2/SainsburysStorefrontAssetStore/img/stars/rating-4_7.gif" alt="4.6667" border="0">&nbsp; 
        Reviews (12)
    </a>

</div>
<!-- END CatalogEntryRatingsReviewsInfo.jspf -->
                </div>
                <!--ThumbnailRestriction -->
            </div>
            
            <div class="addToTrolleytabBox">
            <!-- addToTrolleytabBox LIST VIEW--><!-- Start UserSubscribedOrNot.jspf --><!-- Start UserSubscribedOrNot.jsp --><!-- 
    If the user is not logged in, render this opening 
    DIV adding an addtional class to fix the border top which is removed 
    and replaced by the tabs
-->
<div class="addToTrolleytabContainer addItemBorderTop">
<!-- End AddToSubscriptionList.jsp --><!-- End AddSubscriptionList.jspf --><!-- 
                    ATTENTION!!!
                    <div class="addToTrolleytabContainer">
                    This opening div is inside "../../ReusableObjects/UserSubscribedOrNot.jsp"
                    -->
                <div class="pricingAndTrolleyOptions">  
                    <div class="priceTab activeContainer priceTabContainer" id="addItem_1191719"> 
                        <div class="pricing">
                            
<p class="pricePerUnit">
Â£1.05 
</p>

<p class="pricePerMeasure">Â£1.75<abbr title="per">/</abbr>100<abbr title="gram"><span class="pricePerMeasureMeasure">g</span></abbr>
</p>

                                
                        </div>  
                          
                                    <div class="addToTrolleyForm ">   
                                        <!-- BEGIN AddToTrolley.jsp --><!-- fire an on add to bag here from  -->

<form class="addToTrolleyForm" name="OrderItemAddForm_1191718" action="OrderItemAdd" method="post" id="OrderItemAddForm_1191718">
    <input type="hidden" name="storeId" value="10151">
    <input type="hidden" name="langId" value="44">
    <input type="hidden" name="catalogId" value="10241">
    <input type="hidden" name="authToken" id="authToken1191718" value="-1002%2C3jIiHU%2F3lFc4jalpGDAhYOztAdQ%3D">
    
    
    <input type="hidden" name="errorViewName" value="PromotionDisplayView">
    <input type="hidden" name="SKU_ID" value="7900282">
    <input type="hidden" name="itemType" value="">
    <input type="hidden" name="parentSKU" value="">
    
    
       <input type="hidden" id="productCatentryId_1191719" value="1191718">
       <input type="hidden" id="catEntryId_1191718" value="1191719">
       <input type="hidden" name="ItemSKU_ID" value="7900282">
     
        
        <div class="quantity hidden" id="updateQtyPanelProduct_1191718" data-qty="">
            <ul>
                <li>
                    <a class="button decreaseQty " id="decreaseQty_1191718" href="#">-</a> 
                </li>
                <li>	
                    <label class="access" for="quantity_1191718">Quantity</label>						
                    <a href="#" class="button quantityPlp  " id="quantityUpdate_1191718">
                        </a>
                    <input name="quantity" id="quantity_1191718" type="hidden" size="3" value="" class="quantity">		        
                </li>
                <li>
                    
                    <a class="button increaseQty " id="increaseQty_1191718" href="#">+</a>
                </li>
            </ul>
        </div>				
            
        
            <input type="hidden" name="catEntryId" value="1191719">
        

        <input type="hidden" name="productId" value="1191718">
        

    <input type="hidden" name="URL" value="https://www.sainsburys.co.uk/webapp/wcs/stores/servlet/PromotionDisplayView?listId=2&amp;catalogId=10241&amp;productId=1117540&amp;langId=44&amp;storeId=10151&amp;promotionId=10669742">
    <input type="hidden" name="page" value="">
    <input type="hidden" name="contractId" value="">
    <input type="hidden" name="calculateOrder" value="1">
    <input type="hidden" name="calculationUsage" value="-1,-2,-3">
    <input type="hidden" name="updateable" value="1">
    <input type="hidden" name="merge" value="***">

                                  
            <input type="hidden" id="updateUrl_1191718" updateurlchild_1191719="AjaxOrderItemUpdate?calculateOrder=1&amp;itemType=&amp;ordItemUpdateFlag=0&amp;orderId=.&amp;updatePrices=1&amp;authToken=-1002%252C3jIiHU%252F3lFc4jalpGDAhYOztAdQ%253D&amp;calculationUsage=-1,-2,-3&amp;storeId=10151&amp;errorViewName=AjaxQuickCartDisplay&amp;URL=AjaxQuickCartDisplay&amp;catEntryId=1191719&amp;orderItemId_0=&amp;UOM_0=&amp;langId=44&amp;quantity_0=1">
            <input type="hidden" id="removeUrl_1191718" removeurlchild_1191719="AjaxOrderItemUpdate?calculateOrder=1&amp;itemType=&amp;productId=&amp;ordItemUpdateFlag=2&amp;orderId=.&amp;updatePrices=1&amp;authToken=-1002%252C3jIiHU%252F3lFc4jalpGDAhYOztAdQ%253D&amp;calculationUsage=-1,-2,-3&amp;storeId=10151&amp;errorViewName=AjaxQuickCartDisplay&amp;URL=AjaxQuickCartDisplay&amp;catEntryId=1191719&amp;productSKU=&amp;orderItemId_0=&amp;qtyDecremented=true&amp;langId=44&amp;quantity_0=0">           
         
       <input type="hidden" name="callAjax" value="false">
       
    
    <div class="add2Cart " id="addQtyPanelProduct_1191718">    
        
            <a class="button process addQty  " id="addQty_1191718" href="#">
                Add
            </a>

            <input type="hidden" name="Add" value="Add">
        
    </div>

</form>
<!-- END AddToTrolley.jsp -->
                                    </div>  
                                
                    </div><!-- END priceTabContainer Add container --><!-- Subscribe container --><!-- Start AddToSubscriptionList.jspf --><!-- Start AddToSubscriptionList.jsp --><!-- End AddToSubscriptionList.jsp --><!-- End AddToSubscriptionList.jspf --> 
                </div>  
            </div>  
        </div>
    </div>     
    </div> 
    <div id="additionalItems_1191719" class="additionalItems">
        <!-- BEGIN MerchandisingAssociationsDisplay.jsp --><!-- Start - JSP File Name:  MerchandisingAssociationsDisplay.jsp --><!-- END MerchandisingAssociationsDisplay.jsp -->  
    </div> 

<!-- END CatalogEntryThumbnailDisplay.jsp -->
                            </li>
                        
                            <li>
                                
                                                <div class="trolleySummary"><p class="saving">
                                                         <!-- %@ include file="../../include/PromotionStrapline.jspf"% -->
                                                </p></div>
                                            
                                                <div class="trolleySummary"><p class="saving">
                                                         <!-- %@ include file="../../include/PromotionStrapline.jspf"% -->
                                                </p></div>
                                            
                                                <div class="trolleySummary"><p class="saving">
                                                         <!-- %@ include file="../../include/PromotionStrapline.jspf"% -->
                                                </p></div>
                                            <!-- BEGIN CatalogEntryThumbnailDisplay.jsp -->
    <div class="product ">
        
        <div class="errorBanner hidden" id="error1338956"></div>
                        
        
        <div class="productInner">
            <div class="productInfoWrapper">
                <div class="productInfo">
                    
                            <h3>
                                <a href="https://www.sainsburys.co.uk/shop/gb/groceries/product/details/graze-peanut-butter-chcolate-fjack-50g">
                                    Graze Snack Box Oat Boosts Peanut Butter Protein Flapjack 50g
                                    <img src="https://assets.sainsburys-groceries.co.uk/gol/8008709/image.jpg" alt="">
                                </a>
                            </h3>
                        
<div class="promotion">

                        <p>
                            <a strapline="Meal Deal for Â£5.00 | 8008709" href="https://www.sainsburys.co.uk/shop/PromotionDisplayView?listId=2&amp;catalogId=10241&amp;productId=1338956&amp;langId=44&amp;storeId=10151&amp;promotionId=10664136"><!-- BEGIN include/PromotionStrapline.jspf -->Meal Deal for Â£5.00<br>

<!-- FINISH include/PromotionStrapline.jspf -->
                            </a>
                        </p>
                    
                        <p>
                            <a strapline="Meal Deal for Â£3.75 | 8008709" href="https://www.sainsburys.co.uk/shop/PromotionDisplayView?listId=2&amp;catalogId=10241&amp;productId=1338956&amp;langId=44&amp;storeId=10151&amp;promotionId=10669742">PLUS <!-- BEGIN include/PromotionStrapline.jspf -->Meal Deal for Â£3.75<br>

<!-- FINISH include/PromotionStrapline.jspf -->
                            </a>
                        </p>
                                
</div>

                    <div class="ThumbnailRoundel">
                    <!--ThumbnailRoundel --> 
                    </div>
                    <div class="promoBages">
                        <!-- PROMOTION -->
                    </div>


                    <!-- Review --><!-- BEGIN CatalogEntryRatingsReviewsInfo.jspf --><!-- productAllowedRatingsAndReviews: true -->
<div class="reviews">

    <a class="numberOfReviews" href="https://www.sainsburys.co.uk/shop/gb/groceries/product/details/graze-peanut-butter-chcolate-fjack-50g">
        <img src="//www.sainsburys.co.uk/wcsstore7.137.2/SainsburysStorefrontAssetStore/img/stars/rating-4_6.gif" alt="4.6144" border="0">&nbsp; 
        Reviews (153)
    </a>

</div>
<!-- END CatalogEntryRatingsReviewsInfo.jspf -->
                </div>
                <!--ThumbnailRestriction -->
            </div>
            
            <div class="addToTrolleytabBox">
            <!-- addToTrolleytabBox LIST VIEW--><!-- Start UserSubscribedOrNot.jspf --><!-- Start UserSubscribedOrNot.jsp --><!-- 
    If the user is not logged in, render this opening 
    DIV adding an addtional class to fix the border top which is removed 
    and replaced by the tabs
-->
<div class="addToTrolleytabContainer addItemBorderTop">
<!-- End AddToSubscriptionList.jsp --><!-- End AddSubscriptionList.jspf --><!-- 
                    ATTENTION!!!
                    <div class="addToTrolleytabContainer">
                    This opening div is inside "../../ReusableObjects/UserSubscribedOrNot.jsp"
                    -->
                <div class="pricingAndTrolleyOptions">  
                    <div class="priceTab activeContainer priceTabContainer" id="addItem_1338957"> 
                        <div class="pricing">
                            
<p class="pricePerUnit">
Â£1.20 
</p>

<p class="pricePerMeasure">Â£2.40<abbr title="per">/</abbr>100<abbr title="gram"><span class="pricePerMeasureMeasure">g</span></abbr>
</p>

                                
                        </div>  
                          
                                    <div class="addToTrolleyForm ">   
                                        <!-- BEGIN AddToTrolley.jsp --><!-- fire an on add to bag here from  -->

<form class="addToTrolleyForm" name="OrderItemAddForm_1338956" action="OrderItemAdd" method="post" id="OrderItemAddForm_1338956">
    <input type="hidden" name="storeId" value="10151">
    <input type="hidden" name="langId" value="44">
    <input type="hidden" name="catalogId" value="10241">
    <input type="hidden" name="authToken" id="authToken1338956" value="-1002%2C3jIiHU%2F3lFc4jalpGDAhYOztAdQ%3D">
    
    
    <input type="hidden" name="errorViewName" value="PromotionDisplayView">
    <input type="hidden" name="SKU_ID" value="8008709">
    <input type="hidden" name="itemType" value="">
    <input type="hidden" name="parentSKU" value="">
    
    
       <input type="hidden" id="productCatentryId_1338957" value="1338956">
       <input type="hidden" id="catEntryId_1338956" value="1338957">
       <input type="hidden" name="ItemSKU_ID" value="8008709">
     
        
        <div class="quantity hidden" id="updateQtyPanelProduct_1338956" data-qty="">
            <ul>
                <li>
                    <a class="button decreaseQty " id="decreaseQty_1338956" href="#">-</a> 
                </li>
                <li>	
                    <label class="access" for="quantity_1338956">Quantity</label>						
                    <a href="#" class="button quantityPlp  " id="quantityUpdate_1338956">
                        </a>
                    <input name="quantity" id="quantity_1338956" type="hidden" size="3" value="" class="quantity">		        
                </li>
                <li>
                    
                    <a class="button increaseQty " id="increaseQty_1338956" href="#">+</a>
                </li>
            </ul>
        </div>				
            
        
            <input type="hidden" name="catEntryId" value="1338957">
        

        <input type="hidden" name="productId" value="1338956">
        

    <input type="hidden" name="URL" value="https://www.sainsburys.co.uk/webapp/wcs/stores/servlet/PromotionDisplayView?listId=2&amp;catalogId=10241&amp;productId=1117540&amp;langId=44&amp;storeId=10151&amp;promotionId=10669742">
    <input type="hidden" name="page" value="">
    <input type="hidden" name="contractId" value="">
    <input type="hidden" name="calculateOrder" value="1">
    <input type="hidden" name="calculationUsage" value="-1,-2,-3">
    <input type="hidden" name="updateable" value="1">
    <input type="hidden" name="merge" value="***">

                                  
            <input type="hidden" id="updateUrl_1338956" updateurlchild_1338957="AjaxOrderItemUpdate?calculateOrder=1&amp;itemType=&amp;ordItemUpdateFlag=0&amp;orderId=.&amp;updatePrices=1&amp;authToken=-1002%252C3jIiHU%252F3lFc4jalpGDAhYOztAdQ%253D&amp;calculationUsage=-1,-2,-3&amp;storeId=10151&amp;errorViewName=AjaxQuickCartDisplay&amp;URL=AjaxQuickCartDisplay&amp;catEntryId=1338957&amp;orderItemId_0=&amp;UOM_0=&amp;langId=44&amp;quantity_0=1">
            <input type="hidden" id="removeUrl_1338956" removeurlchild_1338957="AjaxOrderItemUpdate?calculateOrder=1&amp;itemType=&amp;productId=&amp;ordItemUpdateFlag=2&amp;orderId=.&amp;updatePrices=1&amp;authToken=-1002%252C3jIiHU%252F3lFc4jalpGDAhYOztAdQ%253D&amp;calculationUsage=-1,-2,-3&amp;storeId=10151&amp;errorViewName=AjaxQuickCartDisplay&amp;URL=AjaxQuickCartDisplay&amp;catEntryId=1338957&amp;productSKU=&amp;orderItemId_0=&amp;qtyDecremented=true&amp;langId=44&amp;quantity_0=0">           
         
       <input type="hidden" name="callAjax" value="false">
       
    
    <div class="add2Cart " id="addQtyPanelProduct_1338956">    
        
            <a class="button process addQty  " id="addQty_1338956" href="#">
                Add
            </a>

            <input type="hidden" name="Add" value="Add">
        
    </div>

</form>
<!-- END AddToTrolley.jsp -->
                                    </div>  
                                
                    </div><!-- END priceTabContainer Add container --><!-- Subscribe container --><!-- Start AddToSubscriptionList.jspf --><!-- Start AddToSubscriptionList.jsp --><!-- End AddToSubscriptionList.jsp --><!-- End AddToSubscriptionList.jspf --> 
                </div>  
            </div>  
        </div>
    </div>     
    </div> 
    <div id="additionalItems_1338957" class="additionalItems">
        <!-- BEGIN MerchandisingAssociationsDisplay.jsp --><!-- Start - JSP File Name:  MerchandisingAssociationsDisplay.jsp --><!-- END MerchandisingAssociationsDisplay.jsp -->  
    </div> 

<!-- END CatalogEntryThumbnailDisplay.jsp -->
                            </li>
                        
                            <li>
                                
                                                <div class="trolleySummary"><p class="saving">
                                                         <!-- %@ include file="../../include/PromotionStrapline.jspf"% -->
                                                </p></div>
                                            
                                                <div class="trolleySummary"><p class="saving">
                                                         <!-- %@ include file="../../include/PromotionStrapline.jspf"% -->
                                                </p></div>
                                            
                                                <div class="trolleySummary"><p class="saving">
                                                         <!-- %@ include file="../../include/PromotionStrapline.jspf"% -->
                                                </p></div>
                                            <!-- BEGIN CatalogEntryThumbnailDisplay.jsp -->
    <div class="product ">
        
        <div class="errorBanner hidden" id="error40304"></div>
                        
        
        <div class="productInner">
            <div class="productInfoWrapper">
                <div class="productInfo">
                    
                            <h3>
                                <a href="https://www.sainsburys.co.uk/shop/gb/groceries/product/details/cadbury-picnic-484g">
                                    Cadbury Picnic Chocolate Bar 48g
                                    <img src="https://assets.sainsburys-groceries.co.uk/gol/4019565/image.jpg" alt="">
                                </a>
                            </h3>
                        
<div class="promotion">

                        <p>
                            <a strapline="Meal Deal for Â£5.00 | 4019565" href="https://www.sainsburys.co.uk/shop/PromotionDisplayView?listId=2&amp;catalogId=10241&amp;productId=40304&amp;langId=44&amp;storeId=10151&amp;promotionId=10664136"><!-- BEGIN include/PromotionStrapline.jspf -->Meal Deal for Â£5.00<br>

<!-- FINISH include/PromotionStrapline.jspf -->
                            </a>
                        </p>
                    
                        <p>
                            <a strapline="Meal Deal for Â£3.75 | 4019565" href="https://www.sainsburys.co.uk/shop/PromotionDisplayView?listId=2&amp;catalogId=10241&amp;productId=40304&amp;langId=44&amp;storeId=10151&amp;promotionId=10669742">PLUS <!-- BEGIN include/PromotionStrapline.jspf -->Meal Deal for Â£3.75<br>

<!-- FINISH include/PromotionStrapline.jspf -->
                            </a>
                        </p>
                                
</div>

                    <div class="ThumbnailRoundel">
                    <!--ThumbnailRoundel --> 
                    </div>
                    <div class="promoBages">
                        <!-- PROMOTION -->
                    </div>


                    <!-- Review --><!-- BEGIN CatalogEntryRatingsReviewsInfo.jspf --><!-- productAllowedRatingsAndReviews: true -->
<div class="reviews">

    <a class="numberOfReviews" href="https://www.sainsburys.co.uk/shop/gb/groceries/product/details/cadbury-picnic-484g">
        <img src="//www.sainsburys.co.uk/wcsstore7.137.2/SainsburysStorefrontAssetStore/img/stars/rating-4_7.gif" alt="4.6522" border="0">&nbsp; 
        Reviews (46)
    </a>

</div>
<!-- END CatalogEntryRatingsReviewsInfo.jspf -->
                </div>
                <!--ThumbnailRestriction -->
            </div>
            
            <div class="addToTrolleytabBox">
            <!-- addToTrolleytabBox LIST VIEW--><!-- Start UserSubscribedOrNot.jspf --><!-- Start UserSubscribedOrNot.jsp --><!-- 
    If the user is not logged in, render this opening 
    DIV adding an addtional class to fix the border top which is removed 
    and replaced by the tabs
-->
<div class="addToTrolleytabContainer addItemBorderTop">
<!-- End AddToSubscriptionList.jsp --><!-- End AddSubscriptionList.jspf --><!-- 
                    ATTENTION!!!
                    <div class="addToTrolleytabContainer">
                    This opening div is inside "../../ReusableObjects/UserSubscribedOrNot.jsp"
                    -->
                <div class="pricingAndTrolleyOptions">  
                    <div class="priceTab activeContainer priceTabContainer" id="addItem_40305"> 
                        <div class="pricing">
                            
<p class="pricePerUnit">
Â£1.05 
</p>

<p class="pricePerMeasure">Â£2.19<abbr title="per">/</abbr>100<abbr title="gram"><span class="pricePerMeasureMeasure">g</span></abbr>
</p>

                                
                        </div>  
                          
                                    <div class="addToTrolleyForm ">   
                                        <!-- BEGIN AddToTrolley.jsp --><!-- fire an on add to bag here from  -->

<form class="addToTrolleyForm" name="OrderItemAddForm_40304" action="OrderItemAdd" method="post" id="OrderItemAddForm_40304">
    <input type="hidden" name="storeId" value="10151">
    <input type="hidden" name="langId" value="44">
    <input type="hidden" name="catalogId" value="10241">
    <input type="hidden" name="authToken" id="authToken40304" value="-1002%2C3jIiHU%2F3lFc4jalpGDAhYOztAdQ%3D">
    
    
    <input type="hidden" name="errorViewName" value="PromotionDisplayView">
    <input type="hidden" name="SKU_ID" value="4019565">
    <input type="hidden" name="itemType" value="">
    <input type="hidden" name="parentSKU" value="">
    
    
       <input type="hidden" id="productCatentryId_40305" value="40304">
       <input type="hidden" id="catEntryId_40304" value="40305">
       <input type="hidden" name="ItemSKU_ID" value="4019565">
     
        
        <div class="quantity hidden" id="updateQtyPanelProduct_40304" data-qty="">
            <ul>
                <li>
                    <a class="button decreaseQty " id="decreaseQty_40304" href="#">-</a> 
                </li>
                <li>	
                    <label class="access" for="quantity_40304">Quantity</label>						
                    <a href="#" class="button quantityPlp  " id="quantityUpdate_40304">
                        </a>
                    <input name="quantity" id="quantity_40304" type="hidden" size="3" value="" class="quantity">		        
                </li>
                <li>
                    
                    <a class="button increaseQty " id="increaseQty_40304" href="#">+</a>
                </li>
            </ul>
        </div>				
            
        
            <input type="hidden" name="catEntryId" value="40305">
        

        <input type="hidden" name="productId" value="40304">
        

    <input type="hidden" name="URL" value="https://www.sainsburys.co.uk/webapp/wcs/stores/servlet/PromotionDisplayView?listId=2&amp;catalogId=10241&amp;productId=1117540&amp;langId=44&amp;storeId=10151&amp;promotionId=10669742">
    <input type="hidden" name="page" value="">
    <input type="hidden" name="contractId" value="">
    <input type="hidden" name="calculateOrder" value="1">
    <input type="hidden" name="calculationUsage" value="-1,-2,-3">
    <input type="hidden" name="updateable" value="1">
    <input type="hidden" name="merge" value="***">

                                  
            <input type="hidden" id="updateUrl_40304" updateurlchild_40305="AjaxOrderItemUpdate?calculateOrder=1&amp;itemType=&amp;ordItemUpdateFlag=0&amp;orderId=.&amp;updatePrices=1&amp;authToken=-1002%252C3jIiHU%252F3lFc4jalpGDAhYOztAdQ%253D&amp;calculationUsage=-1,-2,-3&amp;storeId=10151&amp;errorViewName=AjaxQuickCartDisplay&amp;URL=AjaxQuickCartDisplay&amp;catEntryId=40305&amp;orderItemId_0=&amp;UOM_0=&amp;langId=44&amp;quantity_0=1">
            <input type="hidden" id="removeUrl_40304" removeurlchild_40305="AjaxOrderItemUpdate?calculateOrder=1&amp;itemType=&amp;productId=&amp;ordItemUpdateFlag=2&amp;orderId=.&amp;updatePrices=1&amp;authToken=-1002%252C3jIiHU%252F3lFc4jalpGDAhYOztAdQ%253D&amp;calculationUsage=-1,-2,-3&amp;storeId=10151&amp;errorViewName=AjaxQuickCartDisplay&amp;URL=AjaxQuickCartDisplay&amp;catEntryId=40305&amp;productSKU=&amp;orderItemId_0=&amp;qtyDecremented=true&amp;langId=44&amp;quantity_0=0">           
         
       <input type="hidden" name="callAjax" value="false">
       
    
    <div class="add2Cart " id="addQtyPanelProduct_40304">    
        
            <a class="button process addQty  " id="addQty_40304" href="#">
                Add
            </a>

            <input type="hidden" name="Add" value="Add">
        
    </div>

</form>
<!-- END AddToTrolley.jsp -->
                                    </div>  
                                
                    </div><!-- END priceTabContainer Add container --><!-- Subscribe container --><!-- Start AddToSubscriptionList.jspf --><!-- Start AddToSubscriptionList.jsp --><!-- End AddToSubscriptionList.jsp --><!-- End AddToSubscriptionList.jspf --> 
                </div>  
            </div>  
        </div>
    </div>     
    </div> 
    <div id="additionalItems_40305" class="additionalItems">
        <!-- BEGIN MerchandisingAssociationsDisplay.jsp --><!-- Start - JSP File Name:  MerchandisingAssociationsDisplay.jsp --><!-- END MerchandisingAssociationsDisplay.jsp -->  
    </div> 

<!-- END CatalogEntryThumbnailDisplay.jsp -->
                            </li>
                        
                            <li>
                                
                                                <div class="trolleySummary"><p class="saving">
                                                         <!-- %@ include file="../../include/PromotionStrapline.jspf"% -->
                                                </p></div>
                                            
                                                <div class="trolleySummary"><p class="saving">
                                                         <!-- %@ include file="../../include/PromotionStrapline.jspf"% -->
                                                </p></div>
                                            
                                                <div class="trolleySummary"><p class="saving">
                                                         <!-- %@ include file="../../include/PromotionStrapline.jspf"% -->
                                                </p></div>
                                            <!-- BEGIN CatalogEntryThumbnailDisplay.jsp -->
    <div class="product ">
        
        <div class="errorBanner hidden" id="error1118156"></div>
                        
        
        <div class="productInner">
            <div class="productInfoWrapper">
                <div class="productInfo">
                    
                            <h3>
                                <a href="https://www.sainsburys.co.uk/shop/gb/groceries/product/details/sainsburys-trio-of-olives-60g">
                                    Sainsbury's Trio Of Olives 60g
                                    <img src="https://assets.sainsburys-groceries.co.uk/gol/7851927/image.jpg" alt="">
                                </a>
                            </h3>
                        
<div class="promotion">

                        <p>
                            <a strapline="Meal Deal for Â£5.00 | 7851927" href="https://www.sainsburys.co.uk/shop/PromotionDisplayView?listId=2&amp;catalogId=10241&amp;productId=1118156&amp;langId=44&amp;storeId=10151&amp;promotionId=10664136"><!-- BEGIN include/PromotionStrapline.jspf -->Meal Deal for Â£5.00<br>

<!-- FINISH include/PromotionStrapline.jspf -->
                            </a>
                        </p>
                    
                        <p>
                            <a strapline="Meal Deal for Â£3.75 | 7851927" href="https://www.sainsburys.co.uk/shop/PromotionDisplayView?listId=2&amp;catalogId=10241&amp;productId=1118156&amp;langId=44&amp;storeId=10151&amp;promotionId=10669742">PLUS <!-- BEGIN include/PromotionStrapline.jspf -->Meal Deal for Â£3.75<br>

<!-- FINISH include/PromotionStrapline.jspf -->
                            </a>
                        </p>
                                
</div>

                    <div class="ThumbnailRoundel">
                    <!--ThumbnailRoundel --> 
                    </div>
                    <div class="promoBages">
                        <!-- PROMOTION -->
                    </div>


                    <!-- Review --><!-- BEGIN CatalogEntryRatingsReviewsInfo.jspf --><!-- productAllowedRatingsAndReviews: true -->
<div class="reviews">

    <a class="numberOfReviews" href="https://www.sainsburys.co.uk/shop/gb/groceries/product/details/sainsburys-trio-of-olives-60g">
        <img src="//www.sainsburys.co.uk/wcsstore7.137.2/SainsburysStorefrontAssetStore/img/stars/rating-4_4.gif" alt="4.4474" border="0">&nbsp; 
        Reviews (38)
    </a>

</div>
<!-- END CatalogEntryRatingsReviewsInfo.jspf -->
                </div>
                <!--ThumbnailRestriction -->
            </div>
            
            <div class="addToTrolleytabBox">
            <!-- addToTrolleytabBox LIST VIEW--><!-- Start UserSubscribedOrNot.jspf --><!-- Start UserSubscribedOrNot.jsp --><!-- 
    If the user is not logged in, render this opening 
    DIV adding an addtional class to fix the border top which is removed 
    and replaced by the tabs
-->
<div class="addToTrolleytabContainer addItemBorderTop">
<!-- End AddToSubscriptionList.jsp --><!-- End AddSubscriptionList.jspf --><!-- 
                    ATTENTION!!!
                    <div class="addToTrolleytabContainer">
                    This opening div is inside "../../ReusableObjects/UserSubscribedOrNot.jsp"
                    -->
                <div class="pricingAndTrolleyOptions">  
                    <div class="priceTab activeContainer priceTabContainer" id="addItem_1118157"> 
                        <div class="pricing">
                            
<p class="pricePerUnit">
Â£1.30 
</p>

<p class="pricePerMeasure">Â£2.17<abbr title="per">/</abbr>100<abbr title="gram"><span class="pricePerMeasureMeasure">g</span></abbr>
</p>

                                
                        </div>  
                          
                                    <div class="addToTrolleyForm ">   
                                        <!-- BEGIN AddToTrolley.jsp --><!-- fire an on add to bag here from  -->

<form class="addToTrolleyForm" name="OrderItemAddForm_1118156" action="OrderItemAdd" method="post" id="OrderItemAddForm_1118156">
    <input type="hidden" name="storeId" value="10151">
    <input type="hidden" name="langId" value="44">
    <input type="hidden" name="catalogId" value="10241">
    <input type="hidden" name="authToken" id="authToken1118156" value="-1002%2C3jIiHU%2F3lFc4jalpGDAhYOztAdQ%3D">
    
    
    <input type="hidden" name="errorViewName" value="PromotionDisplayView">
    <input type="hidden" name="SKU_ID" value="7851927">
    <input type="hidden" name="itemType" value="">
    <input type="hidden" name="parentSKU" value="">
    
    
       <input type="hidden" id="productCatentryId_1118157" value="1118156">
       <input type="hidden" id="catEntryId_1118156" value="1118157">
       <input type="hidden" name="ItemSKU_ID" value="7851927">
     
        
        <div class="quantity hidden" id="updateQtyPanelProduct_1118156" data-qty="">
            <ul>
                <li>
                    <a class="button decreaseQty " id="decreaseQty_1118156" href="#">-</a> 
                </li>
                <li>	
                    <label class="access" for="quantity_1118156">Quantity</label>						
                    <a href="#" class="button quantityPlp  " id="quantityUpdate_1118156">
                        </a>
                    <input name="quantity" id="quantity_1118156" type="hidden" size="3" value="" class="quantity">		        
                </li>
                <li>
                    
                    <a class="button increaseQty " id="increaseQty_1118156" href="#">+</a>
                </li>
            </ul>
        </div>				
            
        
            <input type="hidden" name="catEntryId" value="1118157">
        

        <input type="hidden" name="productId" value="1118156">
        

    <input type="hidden" name="URL" value="https://www.sainsburys.co.uk/webapp/wcs/stores/servlet/PromotionDisplayView?listId=2&amp;catalogId=10241&amp;productId=1117540&amp;langId=44&amp;storeId=10151&amp;promotionId=10669742">
    <input type="hidden" name="page" value="">
    <input type="hidden" name="contractId" value="">
    <input type="hidden" name="calculateOrder" value="1">
    <input type="hidden" name="calculationUsage" value="-1,-2,-3">
    <input type="hidden" name="updateable" value="1">
    <input type="hidden" name="merge" value="***">

                                  
            <input type="hidden" id="updateUrl_1118156" updateurlchild_1118157="AjaxOrderItemUpdate?calculateOrder=1&amp;itemType=&amp;ordItemUpdateFlag=0&amp;orderId=.&amp;updatePrices=1&amp;authToken=-1002%252C3jIiHU%252F3lFc4jalpGDAhYOztAdQ%253D&amp;calculationUsage=-1,-2,-3&amp;storeId=10151&amp;errorViewName=AjaxQuickCartDisplay&amp;URL=AjaxQuickCartDisplay&amp;catEntryId=1118157&amp;orderItemId_0=&amp;UOM_0=&amp;langId=44&amp;quantity_0=1">
            <input type="hidden" id="removeUrl_1118156" removeurlchild_1118157="AjaxOrderItemUpdate?calculateOrder=1&amp;itemType=&amp;productId=&amp;ordItemUpdateFlag=2&amp;orderId=.&amp;updatePrices=1&amp;authToken=-1002%252C3jIiHU%252F3lFc4jalpGDAhYOztAdQ%253D&amp;calculationUsage=-1,-2,-3&amp;storeId=10151&amp;errorViewName=AjaxQuickCartDisplay&amp;URL=AjaxQuickCartDisplay&amp;catEntryId=1118157&amp;productSKU=&amp;orderItemId_0=&amp;qtyDecremented=true&amp;langId=44&amp;quantity_0=0">           
         
       <input type="hidden" name="callAjax" value="false">
       
    
    <div class="add2Cart " id="addQtyPanelProduct_1118156">    
        
            <a class="button process addQty  " id="addQty_1118156" href="#">
                Add
            </a>

            <input type="hidden" name="Add" value="Add">
        
    </div>

</form>
<!-- END AddToTrolley.jsp -->
                                    </div>  
                                
                    </div><!-- END priceTabContainer Add container --><!-- Subscribe container --><!-- Start AddToSubscriptionList.jspf --><!-- Start AddToSubscriptionList.jsp --><!-- End AddToSubscriptionList.jsp --><!-- End AddToSubscriptionList.jspf --> 
                </div>  
            </div>  
        </div>
    </div>     
    </div> 
    <div id="additionalItems_1118157" class="additionalItems">
        <!-- BEGIN MerchandisingAssociationsDisplay.jsp --><!-- Start - JSP File Name:  MerchandisingAssociationsDisplay.jsp --><!-- END MerchandisingAssociationsDisplay.jsp -->  
    </div> 

<!-- END CatalogEntryThumbnailDisplay.jsp -->
                            </li>
                        
                            <li>
                                
                                                <div class="trolleySummary"><p class="saving">
                                                         <!-- %@ include file="../../include/PromotionStrapline.jspf"% -->
                                                </p></div>
                                            
                                                <div class="trolleySummary"><p class="saving">
                                                         <!-- %@ include file="../../include/PromotionStrapline.jspf"% -->
                                                </p></div>
                                            
                                                <div class="trolleySummary"><p class="saving">
                                                         <!-- %@ include file="../../include/PromotionStrapline.jspf"% -->
                                                </p></div>
                                            <!-- BEGIN CatalogEntryThumbnailDisplay.jsp -->
    <div class="product ">
        
        <div class="errorBanner hidden" id="error967988"></div>
                        
        
        <div class="productInner">
            <div class="productInfoWrapper">
                <div class="productInfo">
                    
                            <h3>
                                <a href="https://www.sainsburys.co.uk/shop/gb/groceries/product/details/monster-munch-pickled-onion-40g-6853491-p-44">
                                    Mega Monster Munch Pickled Onion Snacks Crisps 40g
                                    <img src="https://assets.sainsburys-groceries.co.uk/gol/6853491/image.jpg" alt="">
                                </a>
                            </h3>
                        
<div class="promotion">

                        <p>
                            <a strapline="Meal Deal for Â£5.00 | 6853491" href="https://www.sainsburys.co.uk/shop/PromotionDisplayView?listId=2&amp;catalogId=10241&amp;productId=967988&amp;langId=44&amp;storeId=10151&amp;promotionId=10664136"><!-- BEGIN include/PromotionStrapline.jspf -->Meal Deal for Â£5.00<br>

<!-- FINISH include/PromotionStrapline.jspf -->
                            </a>
                        </p>
                    
                        <p>
                            <a strapline="Meal Deal for Â£3.75 | 6853491" href="https://www.sainsburys.co.uk/shop/PromotionDisplayView?listId=2&amp;catalogId=10241&amp;productId=967988&amp;langId=44&amp;storeId=10151&amp;promotionId=10669742">PLUS <!-- BEGIN include/PromotionStrapline.jspf -->Meal Deal for Â£3.75<br>

<!-- FINISH include/PromotionStrapline.jspf -->
                            </a>
                        </p>
                                
</div>

                    <div class="ThumbnailRoundel">
                    <!--ThumbnailRoundel --> 
                    </div>
                    <div class="promoBages">
                        <!-- PROMOTION -->
                    </div>


                    <!-- Review --><!-- BEGIN CatalogEntryRatingsReviewsInfo.jspf --><!-- productAllowedRatingsAndReviews: true -->
<div class="reviews">

    <a class="numberOfReviews" href="https://www.sainsburys.co.uk/shop/gb/groceries/product/details/monster-munch-pickled-onion-40g-6853491-p-44">
        <img src="//www.sainsburys.co.uk/wcsstore7.137.2/SainsburysStorefrontAssetStore/img/stars/rating-4_8.gif" alt="4.7692" border="0">&nbsp; 
        Reviews (13)
    </a>

</div>
<!-- END CatalogEntryRatingsReviewsInfo.jspf -->
                </div>
                <!--ThumbnailRestriction -->
            </div>
            
            <div class="addToTrolleytabBox">
            <!-- addToTrolleytabBox LIST VIEW--><!-- Start UserSubscribedOrNot.jspf --><!-- Start UserSubscribedOrNot.jsp --><!-- 
    If the user is not logged in, render this opening 
    DIV adding an addtional class to fix the border top which is removed 
    and replaced by the tabs
-->
<div class="addToTrolleytabContainer addItemBorderTop">
<!-- End AddToSubscriptionList.jsp --><!-- End AddSubscriptionList.jspf --><!-- 
                    ATTENTION!!!
                    <div class="addToTrolleytabContainer">
                    This opening div is inside "../../ReusableObjects/UserSubscribedOrNot.jsp"
                    -->
                <div class="pricingAndTrolleyOptions">  
                    <div class="priceTab activeContainer priceTabContainer" id="addItem_967989"> 
                        <div class="pricing">
                            
<p class="pricePerUnit">
Â£1.10 
</p>

<p class="pricePerMeasure">Â£2.75<abbr title="per">/</abbr>100<abbr title="gram"><span class="pricePerMeasureMeasure">g</span></abbr>
</p>

                                
                        </div>  
                          
                                    <div class="addToTrolleyForm ">   
                                        <!-- BEGIN AddToTrolley.jsp --><!-- fire an on add to bag here from  -->

<form class="addToTrolleyForm" name="OrderItemAddForm_967988" action="OrderItemAdd" method="post" id="OrderItemAddForm_967988">
    <input type="hidden" name="storeId" value="10151">
    <input type="hidden" name="langId" value="44">
    <input type="hidden" name="catalogId" value="10241">
    <input type="hidden" name="authToken" id="authToken967988" value="-1002%2C3jIiHU%2F3lFc4jalpGDAhYOztAdQ%3D">
    
    
    <input type="hidden" name="errorViewName" value="PromotionDisplayView">
    <input type="hidden" name="SKU_ID" value="6853491">
    <input type="hidden" name="itemType" value="">
    <input type="hidden" name="parentSKU" value="">
    
    
       <input type="hidden" id="productCatentryId_967989" value="967988">
       <input type="hidden" id="catEntryId_967988" value="967989">
       <input type="hidden" name="ItemSKU_ID" value="6853491">
     
        
        <div class="quantity hidden" id="updateQtyPanelProduct_967988" data-qty="">
            <ul>
                <li>
                    <a class="button decreaseQty " id="decreaseQty_967988" href="#">-</a> 
                </li>
                <li>	
                    <label class="access" for="quantity_967988">Quantity</label>						
                    <a href="#" class="button quantityPlp  " id="quantityUpdate_967988">
                        </a>
                    <input name="quantity" id="quantity_967988" type="hidden" size="3" value="" class="quantity">		        
                </li>
                <li>
                    
                    <a class="button increaseQty " id="increaseQty_967988" href="#">+</a>
                </li>
            </ul>
        </div>				
            
        
            <input type="hidden" name="catEntryId" value="967989">
        

        <input type="hidden" name="productId" value="967988">
        

    <input type="hidden" name="URL" value="https://www.sainsburys.co.uk/webapp/wcs/stores/servlet/PromotionDisplayView?listId=2&amp;catalogId=10241&amp;productId=1117540&amp;langId=44&amp;storeId=10151&amp;promotionId=10669742">
    <input type="hidden" name="page" value="">
    <input type="hidden" name="contractId" value="">
    <input type="hidden" name="calculateOrder" value="1">
    <input type="hidden" name="calculationUsage" value="-1,-2,-3">
    <input type="hidden" name="updateable" value="1">
    <input type="hidden" name="merge" value="***">

                                  
            <input type="hidden" id="updateUrl_967988" updateurlchild_967989="AjaxOrderItemUpdate?calculateOrder=1&amp;itemType=&amp;ordItemUpdateFlag=0&amp;orderId=.&amp;updatePrices=1&amp;authToken=-1002%252C3jIiHU%252F3lFc4jalpGDAhYOztAdQ%253D&amp;calculationUsage=-1,-2,-3&amp;storeId=10151&amp;errorViewName=AjaxQuickCartDisplay&amp;URL=AjaxQuickCartDisplay&amp;catEntryId=967989&amp;orderItemId_0=&amp;UOM_0=&amp;langId=44&amp;quantity_0=1">
            <input type="hidden" id="removeUrl_967988" removeurlchild_967989="AjaxOrderItemUpdate?calculateOrder=1&amp;itemType=&amp;productId=&amp;ordItemUpdateFlag=2&amp;orderId=.&amp;updatePrices=1&amp;authToken=-1002%252C3jIiHU%252F3lFc4jalpGDAhYOztAdQ%253D&amp;calculationUsage=-1,-2,-3&amp;storeId=10151&amp;errorViewName=AjaxQuickCartDisplay&amp;URL=AjaxQuickCartDisplay&amp;catEntryId=967989&amp;productSKU=&amp;orderItemId_0=&amp;qtyDecremented=true&amp;langId=44&amp;quantity_0=0">           
         
       <input type="hidden" name="callAjax" value="false">
       
    
    <div class="add2Cart " id="addQtyPanelProduct_967988">    
        
            <a class="button process addQty  " id="addQty_967988" href="#">
                Add
            </a>

            <input type="hidden" name="Add" value="Add">
        
    </div>

</form>
<!-- END AddToTrolley.jsp -->
                                    </div>  
                                
                    </div><!-- END priceTabContainer Add container --><!-- Subscribe container --><!-- Start AddToSubscriptionList.jspf --><!-- Start AddToSubscriptionList.jsp --><!-- End AddToSubscriptionList.jsp --><!-- End AddToSubscriptionList.jspf --> 
                </div>  
            </div>  
        </div>
    </div>     
    </div> 
    <div id="additionalItems_967989" class="additionalItems">
        <!-- BEGIN MerchandisingAssociationsDisplay.jsp --><!-- Start - JSP File Name:  MerchandisingAssociationsDisplay.jsp --><!-- END MerchandisingAssociationsDisplay.jsp -->  
    </div> 

<!-- END CatalogEntryThumbnailDisplay.jsp -->
                            </li>
                        
                            <li>
                                
                                                <div class="trolleySummary"><p class="saving">
                                                         <!-- %@ include file="../../include/PromotionStrapline.jspf"% -->
                                                </p></div>
                                            
                                                <div class="trolleySummary"><p class="saving">
                                                         <!-- %@ include file="../../include/PromotionStrapline.jspf"% -->
                                                </p></div>
                                            
                                                <div class="trolleySummary"><p class="saving">
                                                         <!-- %@ include file="../../include/PromotionStrapline.jspf"% -->
                                                </p></div>
                                            <!-- BEGIN CatalogEntryThumbnailDisplay.jsp -->
    <div class="product ">
        
        <div class="errorBanner hidden" id="error1450508"></div>
                        
        
        <div class="productInner">
            <div class="productInfoWrapper">
                <div class="productInfo">
                    
                            <h3>
                                <a href="https://www.sainsburys.co.uk/shop/gb/groceries/product/details/sainsburys-on-the-go-pineapple-160g">
                                    Sainsbury's On the Go Pineapple 160g
                                    <img src="https://assets.sainsburys-groceries.co.uk/gol/8119462/image.jpg" alt="">
                                </a>
                            </h3>
                        
<div class="promotion">

                        <p>
                            <a strapline="Meal Deal for Â£5.00 | 8119462" href="https://www.sainsburys.co.uk/shop/PromotionDisplayView?listId=2&amp;catalogId=10241&amp;productId=1450508&amp;langId=44&amp;storeId=10151&amp;promotionId=10664136"><!-- BEGIN include/PromotionStrapline.jspf -->Meal Deal for Â£5.00<br>

<!-- FINISH include/PromotionStrapline.jspf -->
                            </a>
                        </p>
                    
                        <p>
                            <a strapline="Meal Deal for Â£3.75 | 8119462" href="https://www.sainsburys.co.uk/shop/PromotionDisplayView?listId=2&amp;catalogId=10241&amp;productId=1450508&amp;langId=44&amp;storeId=10151&amp;promotionId=10669742">PLUS <!-- BEGIN include/PromotionStrapline.jspf -->Meal Deal for Â£3.75<br>

<!-- FINISH include/PromotionStrapline.jspf -->
                            </a>
                        </p>
                                
</div>

                    <div class="ThumbnailRoundel">
                    <!--ThumbnailRoundel --> 
                    </div>
                    <div class="promoBages">
                        <!-- PROMOTION -->
                    </div>


                    <!-- Review --><!-- BEGIN CatalogEntryRatingsReviewsInfo.jspf --><!-- productAllowedRatingsAndReviews: true -->
<div class="reviews">

    <a class="numberOfReviews" href="https://www.sainsburys.co.uk/shop/gb/groceries/product/details/sainsburys-on-the-go-pineapple-160g">
        <img src="//www.sainsburys.co.uk/wcsstore7.137.2/SainsburysStorefrontAssetStore/img/stars/rating-4_4.gif" alt="4.3846" border="0">&nbsp; 
        Reviews (13)
    </a>

</div>
<!-- END CatalogEntryRatingsReviewsInfo.jspf -->
                </div>
                <!--ThumbnailRestriction -->
            </div>
            
            <div class="addToTrolleytabBox">
            <!-- addToTrolleytabBox LIST VIEW--><!-- Start UserSubscribedOrNot.jspf --><!-- Start UserSubscribedOrNot.jsp --><!-- 
    If the user is not logged in, render this opening 
    DIV adding an addtional class to fix the border top which is removed 
    and replaced by the tabs
-->
<div class="addToTrolleytabContainer addItemBorderTop">
<!-- End AddToSubscriptionList.jsp --><!-- End AddSubscriptionList.jspf --><!-- 
                    ATTENTION!!!
                    <div class="addToTrolleytabContainer">
                    This opening div is inside "../../ReusableObjects/UserSubscribedOrNot.jsp"
                    -->
                <div class="pricingAndTrolleyOptions">  
                    <div class="priceTab activeContainer priceTabContainer" id="addItem_1450509"> 
                        <div class="pricing">
                            
<p class="pricePerUnit">
Â£1.35 
</p>

<p class="pricePerMeasure">Â£8.44<abbr title="per">/</abbr><abbr title="kilogram"><span class="pricePerMeasureMeasure">kg</span></abbr>
</p>

                                
                        </div>  
                          
                                    <div class="addToTrolleyForm ">   
                                        <!-- BEGIN AddToTrolley.jsp --><!-- fire an on add to bag here from  -->

<form class="addToTrolleyForm" name="OrderItemAddForm_1450508" action="OrderItemAdd" method="post" id="OrderItemAddForm_1450508">
    <input type="hidden" name="storeId" value="10151">
    <input type="hidden" name="langId" value="44">
    <input type="hidden" name="catalogId" value="10241">
    <input type="hidden" name="authToken" id="authToken1450508" value="-1002%2C3jIiHU%2F3lFc4jalpGDAhYOztAdQ%3D">
    
    
    <input type="hidden" name="errorViewName" value="PromotionDisplayView">
    <input type="hidden" name="SKU_ID" value="8119462">
    <input type="hidden" name="itemType" value="">
    <input type="hidden" name="parentSKU" value="">
    
    
       <input type="hidden" id="productCatentryId_1450509" value="1450508">
       <input type="hidden" id="catEntryId_1450508" value="1450509">
       <input type="hidden" name="ItemSKU_ID" value="8119462">
     
        
        <div class="quantity hidden" id="updateQtyPanelProduct_1450508" data-qty="">
            <ul>
                <li>
                    <a class="button decreaseQty " id="decreaseQty_1450508" href="#">-</a> 
                </li>
                <li>	
                    <label class="access" for="quantity_1450508">Quantity</label>						
                    <a href="#" class="button quantityPlp  " id="quantityUpdate_1450508">
                        </a>
                    <input name="quantity" id="quantity_1450508" type="hidden" size="3" value="" class="quantity">		        
                </li>
                <li>
                    
                    <a class="button increaseQty " id="increaseQty_1450508" href="#">+</a>
                </li>
            </ul>
        </div>				
            
        
            <input type="hidden" name="catEntryId" value="1450509">
        

        <input type="hidden" name="productId" value="1450508">
        

    <input type="hidden" name="URL" value="https://www.sainsburys.co.uk/webapp/wcs/stores/servlet/PromotionDisplayView?listId=2&amp;catalogId=10241&amp;productId=1117540&amp;langId=44&amp;storeId=10151&amp;promotionId=10669742">
    <input type="hidden" name="page" value="">
    <input type="hidden" name="contractId" value="">
    <input type="hidden" name="calculateOrder" value="1">
    <input type="hidden" name="calculationUsage" value="-1,-2,-3">
    <input type="hidden" name="updateable" value="1">
    <input type="hidden" name="merge" value="***">

                                  
            <input type="hidden" id="updateUrl_1450508" updateurlchild_1450509="AjaxOrderItemUpdate?calculateOrder=1&amp;itemType=&amp;ordItemUpdateFlag=0&amp;orderId=.&amp;updatePrices=1&amp;authToken=-1002%252C3jIiHU%252F3lFc4jalpGDAhYOztAdQ%253D&amp;calculationUsage=-1,-2,-3&amp;storeId=10151&amp;errorViewName=AjaxQuickCartDisplay&amp;URL=AjaxQuickCartDisplay&amp;catEntryId=1450509&amp;orderItemId_0=&amp;UOM_0=&amp;langId=44&amp;quantity_0=1">
            <input type="hidden" id="removeUrl_1450508" removeurlchild_1450509="AjaxOrderItemUpdate?calculateOrder=1&amp;itemType=&amp;productId=&amp;ordItemUpdateFlag=2&amp;orderId=.&amp;updatePrices=1&amp;authToken=-1002%252C3jIiHU%252F3lFc4jalpGDAhYOztAdQ%253D&amp;calculationUsage=-1,-2,-3&amp;storeId=10151&amp;errorViewName=AjaxQuickCartDisplay&amp;URL=AjaxQuickCartDisplay&amp;catEntryId=1450509&amp;productSKU=&amp;orderItemId_0=&amp;qtyDecremented=true&amp;langId=44&amp;quantity_0=0">           
         
       <input type="hidden" name="callAjax" value="false">
       
    
    <div class="add2Cart " id="addQtyPanelProduct_1450508">    
        
            <a class="button process addQty  " id="addQty_1450508" href="#">
                Add
            </a>

            <input type="hidden" name="Add" value="Add">
        
    </div>

</form>
<!-- END AddToTrolley.jsp -->
                                    </div>  
                                
                    </div><!-- END priceTabContainer Add container --><!-- Subscribe container --><!-- Start AddToSubscriptionList.jspf --><!-- Start AddToSubscriptionList.jsp --><!-- End AddToSubscriptionList.jsp --><!-- End AddToSubscriptionList.jspf --> 
                </div>  
            </div>  
        </div>
    </div>     
    </div> 
    <div id="additionalItems_1450509" class="additionalItems">
        <!-- BEGIN MerchandisingAssociationsDisplay.jsp --><!-- Start - JSP File Name:  MerchandisingAssociationsDisplay.jsp --><!-- END MerchandisingAssociationsDisplay.jsp -->  
    </div> 

<!-- END CatalogEntryThumbnailDisplay.jsp -->
                            </li>
                        
                            <li>
                                
                                                <div class="trolleySummary"><p class="saving">
                                                         <!-- %@ include file="../../include/PromotionStrapline.jspf"% -->
                                                </p></div>
                                            
                                                <div class="trolleySummary"><p class="saving">
                                                         <!-- %@ include file="../../include/PromotionStrapline.jspf"% -->
                                                </p></div>
                                            
                                                <div class="trolleySummary"><p class="saving">
                                                         <!-- %@ include file="../../include/PromotionStrapline.jspf"% -->
                                                </p></div>
                                            <!-- BEGIN CatalogEntryThumbnailDisplay.jsp -->
    <div class="product ">
        
        <div class="errorBanner hidden" id="error39448"></div>
                        
        
        <div class="productInner">
            <div class="productInfoWrapper">
                <div class="productInfo">
                    
                            <h3>
                                <a href="https://www.sainsburys.co.uk/shop/gb/groceries/product/details/kinder-bueno-43g">
                                    Kinder Bueno Milk Chocolate &amp; Hazelnuts Single Bar 2x21.5g
                                    <img src="https://assets.sainsburys-groceries.co.uk/gol/3654316/image.jpg" alt="">
                                </a>
                            </h3>
                        
<div class="promotion">

                        <p>
                            <a strapline="Meal Deal for Â£5.00 | 3654316" href="https://www.sainsburys.co.uk/shop/PromotionDisplayView?listId=2&amp;catalogId=10241&amp;productId=39448&amp;langId=44&amp;storeId=10151&amp;promotionId=10664136"><!-- BEGIN include/PromotionStrapline.jspf -->Meal Deal for Â£5.00<br>

<!-- FINISH include/PromotionStrapline.jspf -->
                            </a>
                        </p>
                    
                        <p>
                            <a strapline="Meal Deal for Â£3.75 | 3654316" href="https://www.sainsburys.co.uk/shop/PromotionDisplayView?listId=2&amp;catalogId=10241&amp;productId=39448&amp;langId=44&amp;storeId=10151&amp;promotionId=10669742">PLUS <!-- BEGIN include/PromotionStrapline.jspf -->Meal Deal for Â£3.75<br>

<!-- FINISH include/PromotionStrapline.jspf -->
                            </a>
                        </p>
                                
</div>

                    <div class="ThumbnailRoundel">
                    <!--ThumbnailRoundel --> 
                    </div>
                    <div class="promoBages">
                        <!-- PROMOTION -->
                    </div>


                    <!-- Review --><!-- BEGIN CatalogEntryRatingsReviewsInfo.jspf --><!-- productAllowedRatingsAndReviews: true -->
<div class="reviews">

    <a class="numberOfReviews" href="https://www.sainsburys.co.uk/shop/gb/groceries/product/details/kinder-bueno-43g">
        <img src="//www.sainsburys.co.uk/wcsstore7.137.2/SainsburysStorefrontAssetStore/img/stars/rating-4_9.gif" alt="4.8571" border="0">&nbsp; 
        Reviews (63)
    </a>

</div>
<!-- END CatalogEntryRatingsReviewsInfo.jspf -->
                </div>
                <!--ThumbnailRestriction -->
            </div>
            
            <div class="addToTrolleytabBox">
            <!-- addToTrolleytabBox LIST VIEW--><!-- Start UserSubscribedOrNot.jspf --><!-- Start UserSubscribedOrNot.jsp --><!-- 
    If the user is not logged in, render this opening 
    DIV adding an addtional class to fix the border top which is removed 
    and replaced by the tabs
-->
<div class="addToTrolleytabContainer addItemBorderTop">
<!-- End AddToSubscriptionList.jsp --><!-- End AddSubscriptionList.jspf --><!-- 
                    ATTENTION!!!
                    <div class="addToTrolleytabContainer">
                    This opening div is inside "../../ReusableObjects/UserSubscribedOrNot.jsp"
                    -->
                <div class="pricingAndTrolleyOptions">  
                    <div class="priceTab activeContainer priceTabContainer" id="addItem_39449"> 
                        <div class="pricing">
                            
<p class="pricePerUnit">
Â£1.00 
</p>

<p class="pricePerMeasure">Â£2.33<abbr title="per">/</abbr>100<abbr title="gram"><span class="pricePerMeasureMeasure">g</span></abbr>
</p>

                                
                        </div>  
                          
                                    <div class="addToTrolleyForm ">   
                                        <!-- BEGIN AddToTrolley.jsp --><!-- fire an on add to bag here from  -->

<form class="addToTrolleyForm" name="OrderItemAddForm_39448" action="OrderItemAdd" method="post" id="OrderItemAddForm_39448">
    <input type="hidden" name="storeId" value="10151">
    <input type="hidden" name="langId" value="44">
    <input type="hidden" name="catalogId" value="10241">
    <input type="hidden" name="authToken" id="authToken39448" value="-1002%2C3jIiHU%2F3lFc4jalpGDAhYOztAdQ%3D">
    
    
    <input type="hidden" name="errorViewName" value="PromotionDisplayView">
    <input type="hidden" name="SKU_ID" value="3654316">
    <input type="hidden" name="itemType" value="">
    <input type="hidden" name="parentSKU" value="">
    
    
       <input type="hidden" id="productCatentryId_39449" value="39448">
       <input type="hidden" id="catEntryId_39448" value="39449">
       <input type="hidden" name="ItemSKU_ID" value="3654316">
     
        
        <div class="quantity hidden" id="updateQtyPanelProduct_39448" data-qty="">
            <ul>
                <li>
                    <a class="button decreaseQty " id="decreaseQty_39448" href="#">-</a> 
                </li>
                <li>	
                    <label class="access" for="quantity_39448">Quantity</label>						
                    <a href="#" class="button quantityPlp  " id="quantityUpdate_39448">
                        </a>
                    <input name="quantity" id="quantity_39448" type="hidden" size="3" value="" class="quantity">		        
                </li>
                <li>
                    
                    <a class="button increaseQty " id="increaseQty_39448" href="#">+</a>
                </li>
            </ul>
        </div>				
            
        
            <input type="hidden" name="catEntryId" value="39449">
        

        <input type="hidden" name="productId" value="39448">
        

    <input type="hidden" name="URL" value="https://www.sainsburys.co.uk/webapp/wcs/stores/servlet/PromotionDisplayView?listId=2&amp;catalogId=10241&amp;productId=1117540&amp;langId=44&amp;storeId=10151&amp;promotionId=10669742">
    <input type="hidden" name="page" value="">
    <input type="hidden" name="contractId" value="">
    <input type="hidden" name="calculateOrder" value="1">
    <input type="hidden" name="calculationUsage" value="-1,-2,-3">
    <input type="hidden" name="updateable" value="1">
    <input type="hidden" name="merge" value="***">

                                  
            <input type="hidden" id="updateUrl_39448" updateurlchild_39449="AjaxOrderItemUpdate?calculateOrder=1&amp;itemType=&amp;ordItemUpdateFlag=0&amp;orderId=.&amp;updatePrices=1&amp;authToken=-1002%252C3jIiHU%252F3lFc4jalpGDAhYOztAdQ%253D&amp;calculationUsage=-1,-2,-3&amp;storeId=10151&amp;errorViewName=AjaxQuickCartDisplay&amp;URL=AjaxQuickCartDisplay&amp;catEntryId=39449&amp;orderItemId_0=&amp;UOM_0=&amp;langId=44&amp;quantity_0=1">
            <input type="hidden" id="removeUrl_39448" removeurlchild_39449="AjaxOrderItemUpdate?calculateOrder=1&amp;itemType=&amp;productId=&amp;ordItemUpdateFlag=2&amp;orderId=.&amp;updatePrices=1&amp;authToken=-1002%252C3jIiHU%252F3lFc4jalpGDAhYOztAdQ%253D&amp;calculationUsage=-1,-2,-3&amp;storeId=10151&amp;errorViewName=AjaxQuickCartDisplay&amp;URL=AjaxQuickCartDisplay&amp;catEntryId=39449&amp;productSKU=&amp;orderItemId_0=&amp;qtyDecremented=true&amp;langId=44&amp;quantity_0=0">           
         
       <input type="hidden" name="callAjax" value="false">
       
    
    <div class="add2Cart " id="addQtyPanelProduct_39448">    
        
            <a class="button process addQty  " id="addQty_39448" href="#">
                Add
            </a>

            <input type="hidden" name="Add" value="Add">
        
    </div>

</form>
<!-- END AddToTrolley.jsp -->
                                    </div>  
                                
                    </div><!-- END priceTabContainer Add container --><!-- Subscribe container --><!-- Start AddToSubscriptionList.jspf --><!-- Start AddToSubscriptionList.jsp --><!-- End AddToSubscriptionList.jsp --><!-- End AddToSubscriptionList.jspf --> 
                </div>  
            </div>  
        </div>
    </div>     
    </div> 
    <div id="additionalItems_39449" class="additionalItems">
        <!-- BEGIN MerchandisingAssociationsDisplay.jsp --><!-- Start - JSP File Name:  MerchandisingAssociationsDisplay.jsp --><!-- END MerchandisingAssociationsDisplay.jsp -->  
    </div> 

<!-- END CatalogEntryThumbnailDisplay.jsp -->
                            </li>
                        
                            <li>
                                
                                                <div class="trolleySummary"><p class="saving">
                                                         <!-- %@ include file="../../include/PromotionStrapline.jspf"% -->
                                                </p></div>
                                            
                                                <div class="trolleySummary"><p class="saving">
                                                         <!-- %@ include file="../../include/PromotionStrapline.jspf"% -->
                                                </p></div>
                                            
                                                <div class="trolleySummary"><p class="saving">
                                                         <!-- %@ include file="../../include/PromotionStrapline.jspf"% -->
                                                </p></div>
                                            <!-- BEGIN CatalogEntryThumbnailDisplay.jsp -->
    <div class="product ">
        
        <div class="errorBanner hidden" id="error38796"></div>
                        
        
        <div class="productInner">
            <div class="productInfoWrapper">
                <div class="productInfo">
                    
                            <h3>
                                <a href="https://www.sainsburys.co.uk/shop/gb/groceries/product/details/twix-twin-58g">
                                    Twix Caramel &amp; Milk Chocolate Fingers Biscuit Snack Bar 50g
                                    <img src="https://assets.sainsburys-groceries.co.uk/gol/2517049/image.jpg" alt="">
                                </a>
                            </h3>
                        
<div class="promotion">

                        <p>
                            <a strapline="Meal Deal for Â£5.00 | 2517049" href="https://www.sainsburys.co.uk/shop/PromotionDisplayView?listId=2&amp;catalogId=10241&amp;productId=38796&amp;langId=44&amp;storeId=10151&amp;promotionId=10664136"><!-- BEGIN include/PromotionStrapline.jspf -->Meal Deal for Â£5.00<br>

<!-- FINISH include/PromotionStrapline.jspf -->
                            </a>
                        </p>
                    
                        <p>
                            <a strapline="Meal Deal for Â£3.75 | 2517049" href="https://www.sainsburys.co.uk/shop/PromotionDisplayView?listId=2&amp;catalogId=10241&amp;productId=38796&amp;langId=44&amp;storeId=10151&amp;promotionId=10669742">PLUS <!-- BEGIN include/PromotionStrapline.jspf -->Meal Deal for Â£3.75<br>

<!-- FINISH include/PromotionStrapline.jspf -->
                            </a>
                        </p>
                                
</div>

                    <div class="ThumbnailRoundel">
                    <!--ThumbnailRoundel --> 
                    </div>
                    <div class="promoBages">
                        <!-- PROMOTION -->
                    </div>


                    <!-- Review --><!-- BEGIN CatalogEntryRatingsReviewsInfo.jspf --><!-- productAllowedRatingsAndReviews: true -->
<div class="reviews">

    <a class="numberOfReviews" href="https://www.sainsburys.co.uk/shop/gb/groceries/product/details/twix-twin-58g">
        <img src="//www.sainsburys.co.uk/wcsstore7.137.2/SainsburysStorefrontAssetStore/img/stars/rating-4_7.gif" alt="4.6667" border="0">&nbsp; 
        Reviews (12)
    </a>

</div>
<!-- END CatalogEntryRatingsReviewsInfo.jspf -->
                </div>
                <!--ThumbnailRestriction -->
            </div>
            
            <div class="addToTrolleytabBox">
            <!-- addToTrolleytabBox LIST VIEW--><!-- Start UserSubscribedOrNot.jspf --><!-- Start UserSubscribedOrNot.jsp --><!-- 
    If the user is not logged in, render this opening 
    DIV adding an addtional class to fix the border top which is removed 
    and replaced by the tabs
-->
<div class="addToTrolleytabContainer addItemBorderTop">
<!-- End AddToSubscriptionList.jsp --><!-- End AddSubscriptionList.jspf --><!-- 
                    ATTENTION!!!
                    <div class="addToTrolleytabContainer">
                    This opening div is inside "../../ReusableObjects/UserSubscribedOrNot.jsp"
                    -->
                <div class="pricingAndTrolleyOptions">  
                    <div class="priceTab activeContainer priceTabContainer" id="addItem_38797"> 
                        <div class="pricing">
                            
<p class="pricePerUnit">
95p 
</p>

<p class="pricePerMeasure">Â£1.90<abbr title="per">/</abbr>100<abbr title="gram"><span class="pricePerMeasureMeasure">g</span></abbr>
</p>

                                
                        </div>  
                          
                                    <div class="addToTrolleyForm ">   
                                        <!-- BEGIN AddToTrolley.jsp --><!-- fire an on add to bag here from  -->

<form class="addToTrolleyForm" name="OrderItemAddForm_38796" action="OrderItemAdd" method="post" id="OrderItemAddForm_38796">
    <input type="hidden" name="storeId" value="10151">
    <input type="hidden" name="langId" value="44">
    <input type="hidden" name="catalogId" value="10241">
    <input type="hidden" name="authToken" id="authToken38796" value="-1002%2C3jIiHU%2F3lFc4jalpGDAhYOztAdQ%3D">
    
    
    <input type="hidden" name="errorViewName" value="PromotionDisplayView">
    <input type="hidden" name="SKU_ID" value="2517049">
    <input type="hidden" name="itemType" value="">
    <input type="hidden" name="parentSKU" value="">
    
    
       <input type="hidden" id="productCatentryId_38797" value="38796">
       <input type="hidden" id="catEntryId_38796" value="38797">
       <input type="hidden" name="ItemSKU_ID" value="2517049">
     
        
        <div class="quantity hidden" id="updateQtyPanelProduct_38796" data-qty="">
            <ul>
                <li>
                    <a class="button decreaseQty " id="decreaseQty_38796" href="#">-</a> 
                </li>
                <li>	
                    <label class="access" for="quantity_38796">Quantity</label>						
                    <a href="#" class="button quantityPlp  " id="quantityUpdate_38796">
                        </a>
                    <input name="quantity" id="quantity_38796" type="hidden" size="3" value="" class="quantity">		        
                </li>
                <li>
                    
                    <a class="button increaseQty " id="increaseQty_38796" href="#">+</a>
                </li>
            </ul>
        </div>				
            
        
            <input type="hidden" name="catEntryId" value="38797">
        

        <input type="hidden" name="productId" value="38796">
        

    <input type="hidden" name="URL" value="https://www.sainsburys.co.uk/webapp/wcs/stores/servlet/PromotionDisplayView?listId=2&amp;catalogId=10241&amp;productId=1117540&amp;langId=44&amp;storeId=10151&amp;promotionId=10669742">
    <input type="hidden" name="page" value="">
    <input type="hidden" name="contractId" value="">
    <input type="hidden" name="calculateOrder" value="1">
    <input type="hidden" name="calculationUsage" value="-1,-2,-3">
    <input type="hidden" name="updateable" value="1">
    <input type="hidden" name="merge" value="***">

                                  
            <input type="hidden" id="updateUrl_38796" updateurlchild_38797="AjaxOrderItemUpdate?calculateOrder=1&amp;itemType=&amp;ordItemUpdateFlag=0&amp;orderId=.&amp;updatePrices=1&amp;authToken=-1002%252C3jIiHU%252F3lFc4jalpGDAhYOztAdQ%253D&amp;calculationUsage=-1,-2,-3&amp;storeId=10151&amp;errorViewName=AjaxQuickCartDisplay&amp;URL=AjaxQuickCartDisplay&amp;catEntryId=38797&amp;orderItemId_0=&amp;UOM_0=&amp;langId=44&amp;quantity_0=1">
            <input type="hidden" id="removeUrl_38796" removeurlchild_38797="AjaxOrderItemUpdate?calculateOrder=1&amp;itemType=&amp;productId=&amp;ordItemUpdateFlag=2&amp;orderId=.&amp;updatePrices=1&amp;authToken=-1002%252C3jIiHU%252F3lFc4jalpGDAhYOztAdQ%253D&amp;calculationUsage=-1,-2,-3&amp;storeId=10151&amp;errorViewName=AjaxQuickCartDisplay&amp;URL=AjaxQuickCartDisplay&amp;catEntryId=38797&amp;productSKU=&amp;orderItemId_0=&amp;qtyDecremented=true&amp;langId=44&amp;quantity_0=0">           
         
       <input type="hidden" name="callAjax" value="false">
       
    
    <div class="add2Cart " id="addQtyPanelProduct_38796">    
        
            <a class="button process addQty  " id="addQty_38796" href="#">
                Add
            </a>

            <input type="hidden" name="Add" value="Add">
        
    </div>

</form>
<!-- END AddToTrolley.jsp -->
                                    </div>  
                                
                    </div><!-- END priceTabContainer Add container --><!-- Subscribe container --><!-- Start AddToSubscriptionList.jspf --><!-- Start AddToSubscriptionList.jsp --><!-- End AddToSubscriptionList.jsp --><!-- End AddToSubscriptionList.jspf --> 
                </div>  
            </div>  
        </div>
    </div>     
    </div> 
    <div id="additionalItems_38797" class="additionalItems">
        <!-- BEGIN MerchandisingAssociationsDisplay.jsp --><!-- Start - JSP File Name:  MerchandisingAssociationsDisplay.jsp --><!-- END MerchandisingAssociationsDisplay.jsp -->  
    </div> 

<!-- END CatalogEntryThumbnailDisplay.jsp -->
                            </li>
                        
                            <li>
                                
                                                <div class="trolleySummary"><p class="saving">
                                                         <!-- %@ include file="../../include/PromotionStrapline.jspf"% -->
                                                </p></div>
                                            
                                                <div class="trolleySummary"><p class="saving">
                                                         <!-- %@ include file="../../include/PromotionStrapline.jspf"% -->
                                                </p></div>
                                            
                                                <div class="trolleySummary"><p class="saving">
                                                         <!-- %@ include file="../../include/PromotionStrapline.jspf"% -->
                                                </p></div>
                                            <!-- BEGIN CatalogEntryThumbnailDisplay.jsp -->
    <div class="product ">
        
        <div class="errorBanner hidden" id="error1045902"></div>
                        
        
        <div class="productInner">
            <div class="productInfoWrapper">
                <div class="productInfo">
                    
                            <h3>
                                <a href="https://www.sainsburys.co.uk/shop/gb/groceries/product/details/sainsburys-food-to-go-roasted-cashews-23g">
                                    Sainsbury's Food To Go Roasted Cashews 23g
                                    <img src="https://assets.sainsburys-groceries.co.uk/gol/7809055/image.jpg" alt="">
                                </a>
                            </h3>
                        
<div class="promotion">

                        <p>
                            <a strapline="Meal Deal for Â£5.00 | 7809055" href="https://www.sainsburys.co.uk/shop/PromotionDisplayView?listId=2&amp;catalogId=10241&amp;productId=1045902&amp;langId=44&amp;storeId=10151&amp;promotionId=10664136"><!-- BEGIN include/PromotionStrapline.jspf -->Meal Deal for Â£5.00<br>

<!-- FINISH include/PromotionStrapline.jspf -->
                            </a>
                        </p>
                    
                        <p>
                            <a strapline="Meal Deal for Â£3.75 | 7809055" href="https://www.sainsburys.co.uk/shop/PromotionDisplayView?listId=2&amp;catalogId=10241&amp;productId=1045902&amp;langId=44&amp;storeId=10151&amp;promotionId=10669742">PLUS <!-- BEGIN include/PromotionStrapline.jspf -->Meal Deal for Â£3.75<br>

<!-- FINISH include/PromotionStrapline.jspf -->
                            </a>
                        </p>
                                
</div>

                    <div class="ThumbnailRoundel">
                    <!--ThumbnailRoundel --> 
                    </div>
                    <div class="promoBages">
                        <!-- PROMOTION -->
                    </div>


                    <!-- Review --><!-- BEGIN CatalogEntryRatingsReviewsInfo.jspf --><!-- productAllowedRatingsAndReviews: true -->
<div class="reviews">

    <a class="numberOfReviews" href="https://www.sainsburys.co.uk/shop/gb/groceries/product/details/sainsburys-food-to-go-roasted-cashews-23g">
        <img src="//www.sainsburys.co.uk/wcsstore7.137.2/SainsburysStorefrontAssetStore/img/stars/rating-4_8.gif" alt="4.75" border="0">&nbsp; 
        Reviews (8)
    </a>

</div>
<!-- END CatalogEntryRatingsReviewsInfo.jspf -->
                </div>
                <!--ThumbnailRestriction -->
            </div>
            
            <div class="addToTrolleytabBox">
            <!-- addToTrolleytabBox LIST VIEW--><!-- Start UserSubscribedOrNot.jspf --><!-- Start UserSubscribedOrNot.jsp --><!-- 
    If the user is not logged in, render this opening 
    DIV adding an addtional class to fix the border top which is removed 
    and replaced by the tabs
-->
<div class="addToTrolleytabContainer addItemBorderTop">
<!-- End AddToSubscriptionList.jsp --><!-- End AddSubscriptionList.jspf --><!-- 
                    ATTENTION!!!
                    <div class="addToTrolleytabContainer">
                    This opening div is inside "../../ReusableObjects/UserSubscribedOrNot.jsp"
                    -->
                <div class="pricingAndTrolleyOptions">  
                    <div class="priceTab activeContainer priceTabContainer" id="addItem_1045903"> 
                        <div class="pricing">
                            
<p class="pricePerUnit">
80p 
</p>

<p class="pricePerMeasure">Â£3.48<abbr title="per">/</abbr>100<abbr title="gram"><span class="pricePerMeasureMeasure">g</span></abbr>
</p>

                                
                        </div>  
                          
                                    <div class="addToTrolleyForm ">   
                                        <!-- BEGIN AddToTrolley.jsp --><!-- fire an on add to bag here from  -->

<form class="addToTrolleyForm" name="OrderItemAddForm_1045902" action="OrderItemAdd" method="post" id="OrderItemAddForm_1045902">
    <input type="hidden" name="storeId" value="10151">
    <input type="hidden" name="langId" value="44">
    <input type="hidden" name="catalogId" value="10241">
    <input type="hidden" name="authToken" id="authToken1045902" value="-1002%2C3jIiHU%2F3lFc4jalpGDAhYOztAdQ%3D">
    
    
    <input type="hidden" name="errorViewName" value="PromotionDisplayView">
    <input type="hidden" name="SKU_ID" value="7809055">
    <input type="hidden" name="itemType" value="">
    <input type="hidden" name="parentSKU" value="">
    
    
       <input type="hidden" id="productCatentryId_1045903" value="1045902">
       <input type="hidden" id="catEntryId_1045902" value="1045903">
       <input type="hidden" name="ItemSKU_ID" value="7809055">
     
        
        <div class="quantity hidden" id="updateQtyPanelProduct_1045902" data-qty="">
            <ul>
                <li>
                    <a class="button decreaseQty " id="decreaseQty_1045902" href="#">-</a> 
                </li>
                <li>	
                    <label class="access" for="quantity_1045902">Quantity</label>						
                    <a href="#" class="button quantityPlp  " id="quantityUpdate_1045902">
                        </a>
                    <input name="quantity" id="quantity_1045902" type="hidden" size="3" value="" class="quantity">		        
                </li>
                <li>
                    
                    <a class="button increaseQty " id="increaseQty_1045902" href="#">+</a>
                </li>
            </ul>
        </div>				
            
        
            <input type="hidden" name="catEntryId" value="1045903">
        

        <input type="hidden" name="productId" value="1045902">
        

    <input type="hidden" name="URL" value="https://www.sainsburys.co.uk/webapp/wcs/stores/servlet/PromotionDisplayView?listId=2&amp;catalogId=10241&amp;productId=1117540&amp;langId=44&amp;storeId=10151&amp;promotionId=10669742">
    <input type="hidden" name="page" value="">
    <input type="hidden" name="contractId" value="">
    <input type="hidden" name="calculateOrder" value="1">
    <input type="hidden" name="calculationUsage" value="-1,-2,-3">
    <input type="hidden" name="updateable" value="1">
    <input type="hidden" name="merge" value="***">

                                  
            <input type="hidden" id="updateUrl_1045902" updateurlchild_1045903="AjaxOrderItemUpdate?calculateOrder=1&amp;itemType=&amp;ordItemUpdateFlag=0&amp;orderId=.&amp;updatePrices=1&amp;authToken=-1002%252C3jIiHU%252F3lFc4jalpGDAhYOztAdQ%253D&amp;calculationUsage=-1,-2,-3&amp;storeId=10151&amp;errorViewName=AjaxQuickCartDisplay&amp;URL=AjaxQuickCartDisplay&amp;catEntryId=1045903&amp;orderItemId_0=&amp;UOM_0=&amp;langId=44&amp;quantity_0=1">
            <input type="hidden" id="removeUrl_1045902" removeurlchild_1045903="AjaxOrderItemUpdate?calculateOrder=1&amp;itemType=&amp;productId=&amp;ordItemUpdateFlag=2&amp;orderId=.&amp;updatePrices=1&amp;authToken=-1002%252C3jIiHU%252F3lFc4jalpGDAhYOztAdQ%253D&amp;calculationUsage=-1,-2,-3&amp;storeId=10151&amp;errorViewName=AjaxQuickCartDisplay&amp;URL=AjaxQuickCartDisplay&amp;catEntryId=1045903&amp;productSKU=&amp;orderItemId_0=&amp;qtyDecremented=true&amp;langId=44&amp;quantity_0=0">           
         
       <input type="hidden" name="callAjax" value="false">
       
    
    <div class="add2Cart " id="addQtyPanelProduct_1045902">    
        
            <a class="button process addQty  " id="addQty_1045902" href="#">
                Add
            </a>

            <input type="hidden" name="Add" value="Add">
        
    </div>

</form>
<!-- END AddToTrolley.jsp -->
                                    </div>  
                                
                    </div><!-- END priceTabContainer Add container --><!-- Subscribe container --><!-- Start AddToSubscriptionList.jspf --><!-- Start AddToSubscriptionList.jsp --><!-- End AddToSubscriptionList.jsp --><!-- End AddToSubscriptionList.jspf --> 
                </div>  
            </div>  
        </div>
    </div>     
    </div> 
    <div id="additionalItems_1045903" class="additionalItems">
        <!-- BEGIN MerchandisingAssociationsDisplay.jsp --><!-- Start - JSP File Name:  MerchandisingAssociationsDisplay.jsp --><!-- END MerchandisingAssociationsDisplay.jsp -->  
    </div> 

<!-- END CatalogEntryThumbnailDisplay.jsp -->
                            </li>
                        
                            <li>
                                
                                                <div class="trolleySummary"><p class="saving">
                                                         <!-- %@ include file="../../include/PromotionStrapline.jspf"% -->
                                                </p></div>
                                            
                                                <div class="trolleySummary"><p class="saving">
                                                         <!-- %@ include file="../../include/PromotionStrapline.jspf"% -->
                                                </p></div>
                                            
                                                <div class="trolleySummary"><p class="saving">
                                                         <!-- %@ include file="../../include/PromotionStrapline.jspf"% -->
                                                </p></div>
                                            <!-- BEGIN CatalogEntryThumbnailDisplay.jsp -->
    <div class="product ">
        
        <div class="errorBanner hidden" id="error38828"></div>
                        
        
        <div class="productInner">
            <div class="productInfoWrapper">
                <div class="productInfo">
                    
                            <h3>
                                <a href="https://www.sainsburys.co.uk/shop/gb/groceries/product/details/cadbury-flake-32g">
                                    Cadbury Flake Chocolate Bar 32g
                                    <img src="https://assets.sainsburys-groceries.co.uk/gol/2566382/image.jpg" alt="">
                                </a>
                            </h3>
                        
<div class="promotion">

                        <p>
                            <a strapline="Meal Deal for Â£5.00 | 2566382" href="https://www.sainsburys.co.uk/shop/PromotionDisplayView?listId=2&amp;catalogId=10241&amp;productId=38828&amp;langId=44&amp;storeId=10151&amp;promotionId=10664136"><!-- BEGIN include/PromotionStrapline.jspf -->Meal Deal for Â£5.00<br>

<!-- FINISH include/PromotionStrapline.jspf -->
                            </a>
                        </p>
                    
                        <p>
                            <a strapline="Meal Deal for Â£3.75 | 2566382" href="https://www.sainsburys.co.uk/shop/PromotionDisplayView?listId=2&amp;catalogId=10241&amp;productId=38828&amp;langId=44&amp;storeId=10151&amp;promotionId=10669742">PLUS <!-- BEGIN include/PromotionStrapline.jspf -->Meal Deal for Â£3.75<br>

<!-- FINISH include/PromotionStrapline.jspf -->
                            </a>
                        </p>
                                
</div>

                    <div class="ThumbnailRoundel">
                    <!--ThumbnailRoundel --> 
                    </div>
                    <div class="promoBages">
                        <!-- PROMOTION -->
                    </div>


                    <!-- Review --><!-- BEGIN CatalogEntryRatingsReviewsInfo.jspf --><!-- productAllowedRatingsAndReviews: true -->
<div class="reviews">

    <a class="numberOfReviews" href="https://www.sainsburys.co.uk/shop/gb/groceries/product/details/cadbury-flake-32g">
        <img src="//www.sainsburys.co.uk/wcsstore7.137.2/SainsburysStorefrontAssetStore/img/stars/rating-4_8.gif" alt="4.7755" border="0">&nbsp; 
        Reviews (49)
    </a>

</div>
<!-- END CatalogEntryRatingsReviewsInfo.jspf -->
                </div>
                <!--ThumbnailRestriction -->
            </div>
            
            <div class="addToTrolleytabBox">
            <!-- addToTrolleytabBox LIST VIEW--><!-- Start UserSubscribedOrNot.jspf --><!-- Start UserSubscribedOrNot.jsp --><!-- 
    If the user is not logged in, render this opening 
    DIV adding an addtional class to fix the border top which is removed 
    and replaced by the tabs
-->
<div class="addToTrolleytabContainer addItemBorderTop">
<!-- End AddToSubscriptionList.jsp --><!-- End AddSubscriptionList.jspf --><!-- 
                    ATTENTION!!!
                    <div class="addToTrolleytabContainer">
                    This opening div is inside "../../ReusableObjects/UserSubscribedOrNot.jsp"
                    -->
                <div class="pricingAndTrolleyOptions">  
                    <div class="priceTab activeContainer priceTabContainer" id="addItem_38829"> 
                        <div class="pricing">
                            
<p class="pricePerUnit">
Â£1.05 
</p>

<p class="pricePerMeasure">Â£3.28<abbr title="per">/</abbr>100<abbr title="gram"><span class="pricePerMeasureMeasure">g</span></abbr>
</p>

                                
                        </div>  
                          
                                    <div class="addToTrolleyForm ">   
                                        <!-- BEGIN AddToTrolley.jsp --><!-- fire an on add to bag here from  -->

<form class="addToTrolleyForm" name="OrderItemAddForm_38828" action="OrderItemAdd" method="post" id="OrderItemAddForm_38828">
    <input type="hidden" name="storeId" value="10151">
    <input type="hidden" name="langId" value="44">
    <input type="hidden" name="catalogId" value="10241">
    <input type="hidden" name="authToken" id="authToken38828" value="-1002%2C3jIiHU%2F3lFc4jalpGDAhYOztAdQ%3D">
    
    
    <input type="hidden" name="errorViewName" value="PromotionDisplayView">
    <input type="hidden" name="SKU_ID" value="2566382">
    <input type="hidden" name="itemType" value="">
    <input type="hidden" name="parentSKU" value="">
    
    
       <input type="hidden" id="productCatentryId_38829" value="38828">
       <input type="hidden" id="catEntryId_38828" value="38829">
       <input type="hidden" name="ItemSKU_ID" value="2566382">
     
        
        <div class="quantity hidden" id="updateQtyPanelProduct_38828" data-qty="">
            <ul>
                <li>
                    <a class="button decreaseQty " id="decreaseQty_38828" href="#">-</a> 
                </li>
                <li>	
                    <label class="access" for="quantity_38828">Quantity</label>						
                    <a href="#" class="button quantityPlp  " id="quantityUpdate_38828">
                        </a>
                    <input name="quantity" id="quantity_38828" type="hidden" size="3" value="" class="quantity">		        
                </li>
                <li>
                    
                    <a class="button increaseQty " id="increaseQty_38828" href="#">+</a>
                </li>
            </ul>
        </div>				
            
        
            <input type="hidden" name="catEntryId" value="38829">
        

        <input type="hidden" name="productId" value="38828">
        

    <input type="hidden" name="URL" value="https://www.sainsburys.co.uk/webapp/wcs/stores/servlet/PromotionDisplayView?listId=2&amp;catalogId=10241&amp;productId=1117540&amp;langId=44&amp;storeId=10151&amp;promotionId=10669742">
    <input type="hidden" name="page" value="">
    <input type="hidden" name="contractId" value="">
    <input type="hidden" name="calculateOrder" value="1">
    <input type="hidden" name="calculationUsage" value="-1,-2,-3">
    <input type="hidden" name="updateable" value="1">
    <input type="hidden" name="merge" value="***">

                                  
            <input type="hidden" id="updateUrl_38828" updateurlchild_38829="AjaxOrderItemUpdate?calculateOrder=1&amp;itemType=&amp;ordItemUpdateFlag=0&amp;orderId=.&amp;updatePrices=1&amp;authToken=-1002%252C3jIiHU%252F3lFc4jalpGDAhYOztAdQ%253D&amp;calculationUsage=-1,-2,-3&amp;storeId=10151&amp;errorViewName=AjaxQuickCartDisplay&amp;URL=AjaxQuickCartDisplay&amp;catEntryId=38829&amp;orderItemId_0=&amp;UOM_0=&amp;langId=44&amp;quantity_0=1">
            <input type="hidden" id="removeUrl_38828" removeurlchild_38829="AjaxOrderItemUpdate?calculateOrder=1&amp;itemType=&amp;productId=&amp;ordItemUpdateFlag=2&amp;orderId=.&amp;updatePrices=1&amp;authToken=-1002%252C3jIiHU%252F3lFc4jalpGDAhYOztAdQ%253D&amp;calculationUsage=-1,-2,-3&amp;storeId=10151&amp;errorViewName=AjaxQuickCartDisplay&amp;URL=AjaxQuickCartDisplay&amp;catEntryId=38829&amp;productSKU=&amp;orderItemId_0=&amp;qtyDecremented=true&amp;langId=44&amp;quantity_0=0">           
         
       <input type="hidden" name="callAjax" value="false">
       
    
    <div class="add2Cart " id="addQtyPanelProduct_38828">    
        
            <a class="button process addQty  " id="addQty_38828" href="#">
                Add
            </a>

            <input type="hidden" name="Add" value="Add">
        
    </div>

</form>
<!-- END AddToTrolley.jsp -->
                                    </div>  
                                
                    </div><!-- END priceTabContainer Add container --><!-- Subscribe container --><!-- Start AddToSubscriptionList.jspf --><!-- Start AddToSubscriptionList.jsp --><!-- End AddToSubscriptionList.jsp --><!-- End AddToSubscriptionList.jspf --> 
                </div>  
            </div>  
        </div>
    </div>     
    </div> 
    <div id="additionalItems_38829" class="additionalItems">
        <!-- BEGIN MerchandisingAssociationsDisplay.jsp --><!-- Start - JSP File Name:  MerchandisingAssociationsDisplay.jsp --><!-- END MerchandisingAssociationsDisplay.jsp -->  
    </div> 

<!-- END CatalogEntryThumbnailDisplay.jsp -->
                            </li>
                        
                            <li>
                                
                                                <div class="trolleySummary"><p class="saving">
                                                         <!-- %@ include file="../../include/PromotionStrapline.jspf"% -->
                                                </p></div>
                                            
                                                <div class="trolleySummary"><p class="saving">
                                                         <!-- %@ include file="../../include/PromotionStrapline.jspf"% -->
                                                </p></div>
                                            
                                                <div class="trolleySummary"><p class="saving">
                                                         <!-- %@ include file="../../include/PromotionStrapline.jspf"% -->
                                                </p></div>
                                            <!-- BEGIN CatalogEntryThumbnailDisplay.jsp -->
    <div class="product ">
        
        <div class="errorBanner hidden" id="error1367234"></div>
                        
        
        <div class="productInner">
            <div class="productInfoWrapper">
                <div class="productInfo">
                    
                            <h3>
                                <a href="https://www.sainsburys.co.uk/shop/gb/groceries/product/details/trek-power-millionaire-shortbread-protein-bar-55g">
                                    Trek Millionaire Shortbread Power Protein Bar 55g
                                    <img src="https://assets.sainsburys-groceries.co.uk/gol/8033439/image.jpg" alt="">
                                </a>
                            </h3>
                        
<div class="promotion">

                        <p>
                            <a strapline="Meal Deal for Â£5.00 | 8033439" href="https://www.sainsburys.co.uk/shop/PromotionDisplayView?listId=2&amp;catalogId=10241&amp;productId=1367234&amp;langId=44&amp;storeId=10151&amp;promotionId=10664136"><!-- BEGIN include/PromotionStrapline.jspf -->Meal Deal for Â£5.00<br>

<!-- FINISH include/PromotionStrapline.jspf -->
                            </a>
                        </p>
                    
                        <p>
                            <a strapline="Meal Deal for Â£3.75 | 8033439" href="https://www.sainsburys.co.uk/shop/PromotionDisplayView?listId=2&amp;catalogId=10241&amp;productId=1367234&amp;langId=44&amp;storeId=10151&amp;promotionId=10669742">PLUS <!-- BEGIN include/PromotionStrapline.jspf -->Meal Deal for Â£3.75<br>

<!-- FINISH include/PromotionStrapline.jspf -->
                            </a>
                        </p>
                                
</div>

                    <div class="ThumbnailRoundel">
                    <!--ThumbnailRoundel --> 
                    </div>
                    <div class="promoBages">
                        <!-- PROMOTION -->
                    </div>


                    <!-- Review --><!-- BEGIN CatalogEntryRatingsReviewsInfo.jspf --><!-- productAllowedRatingsAndReviews: true -->
<div class="reviews">

    <a class="numberOfReviews" href="https://www.sainsburys.co.uk/shop/gb/groceries/product/details/trek-power-millionaire-shortbread-protein-bar-55g">
        <img src="//www.sainsburys.co.uk/wcsstore7.137.2/SainsburysStorefrontAssetStore/img/stars/rating-5_0.gif" alt="5.0" border="0">&nbsp; 
        Reviews (4)
    </a>

</div>
<!-- END CatalogEntryRatingsReviewsInfo.jspf -->
                </div>
                <!--ThumbnailRestriction -->
            </div>
            
            <div class="addToTrolleytabBox">
            <!-- addToTrolleytabBox LIST VIEW--><!-- Start UserSubscribedOrNot.jspf --><!-- Start UserSubscribedOrNot.jsp --><!-- 
    If the user is not logged in, render this opening 
    DIV adding an addtional class to fix the border top which is removed 
    and replaced by the tabs
-->
<div class="addToTrolleytabContainer addItemBorderTop">
<!-- End AddToSubscriptionList.jsp --><!-- End AddSubscriptionList.jspf --><!-- 
                    ATTENTION!!!
                    <div class="addToTrolleytabContainer">
                    This opening div is inside "../../ReusableObjects/UserSubscribedOrNot.jsp"
                    -->
                <div class="pricingAndTrolleyOptions">  
                    <div class="priceTab activeContainer priceTabContainer" id="addItem_1367235"> 
                        <div class="pricing">
                            
<p class="pricePerUnit">
Â£1.95 
</p>

<p class="pricePerMeasure">Â£3.55<abbr title="per">/</abbr>100<abbr title="gram"><span class="pricePerMeasureMeasure">g</span></abbr>
</p>

                                
                        </div>  
                          
                                    <div class="addToTrolleyForm ">   
                                        <!-- BEGIN AddToTrolley.jsp --><!-- fire an on add to bag here from  -->

<form class="addToTrolleyForm" name="OrderItemAddForm_1367234" action="OrderItemAdd" method="post" id="OrderItemAddForm_1367234">
    <input type="hidden" name="storeId" value="10151">
    <input type="hidden" name="langId" value="44">
    <input type="hidden" name="catalogId" value="10241">
    <input type="hidden" name="authToken" id="authToken1367234" value="-1002%2C3jIiHU%2F3lFc4jalpGDAhYOztAdQ%3D">
    
    
    <input type="hidden" name="errorViewName" value="PromotionDisplayView">
    <input type="hidden" name="SKU_ID" value="8033439">
    <input type="hidden" name="itemType" value="">
    <input type="hidden" name="parentSKU" value="">
    
    
       <input type="hidden" id="productCatentryId_1367235" value="1367234">
       <input type="hidden" id="catEntryId_1367234" value="1367235">
       <input type="hidden" name="ItemSKU_ID" value="8033439">
     
        
        <div class="quantity hidden" id="updateQtyPanelProduct_1367234" data-qty="">
            <ul>
                <li>
                    <a class="button decreaseQty " id="decreaseQty_1367234" href="#">-</a> 
                </li>
                <li>	
                    <label class="access" for="quantity_1367234">Quantity</label>						
                    <a href="#" class="button quantityPlp  " id="quantityUpdate_1367234">
                        </a>
                    <input name="quantity" id="quantity_1367234" type="hidden" size="3" value="" class="quantity">		        
                </li>
                <li>
                    
                    <a class="button increaseQty " id="increaseQty_1367234" href="#">+</a>
                </li>
            </ul>
        </div>				
            
        
            <input type="hidden" name="catEntryId" value="1367235">
        

        <input type="hidden" name="productId" value="1367234">
        

    <input type="hidden" name="URL" value="https://www.sainsburys.co.uk/webapp/wcs/stores/servlet/PromotionDisplayView?listId=2&amp;catalogId=10241&amp;productId=1117540&amp;langId=44&amp;storeId=10151&amp;promotionId=10669742">
    <input type="hidden" name="page" value="">
    <input type="hidden" name="contractId" value="">
    <input type="hidden" name="calculateOrder" value="1">
    <input type="hidden" name="calculationUsage" value="-1,-2,-3">
    <input type="hidden" name="updateable" value="1">
    <input type="hidden" name="merge" value="***">

                                  
            <input type="hidden" id="updateUrl_1367234" updateurlchild_1367235="AjaxOrderItemUpdate?calculateOrder=1&amp;itemType=&amp;ordItemUpdateFlag=0&amp;orderId=.&amp;updatePrices=1&amp;authToken=-1002%252C3jIiHU%252F3lFc4jalpGDAhYOztAdQ%253D&amp;calculationUsage=-1,-2,-3&amp;storeId=10151&amp;errorViewName=AjaxQuickCartDisplay&amp;URL=AjaxQuickCartDisplay&amp;catEntryId=1367235&amp;orderItemId_0=&amp;UOM_0=&amp;langId=44&amp;quantity_0=1">
            <input type="hidden" id="removeUrl_1367234" removeurlchild_1367235="AjaxOrderItemUpdate?calculateOrder=1&amp;itemType=&amp;productId=&amp;ordItemUpdateFlag=2&amp;orderId=.&amp;updatePrices=1&amp;authToken=-1002%252C3jIiHU%252F3lFc4jalpGDAhYOztAdQ%253D&amp;calculationUsage=-1,-2,-3&amp;storeId=10151&amp;errorViewName=AjaxQuickCartDisplay&amp;URL=AjaxQuickCartDisplay&amp;catEntryId=1367235&amp;productSKU=&amp;orderItemId_0=&amp;qtyDecremented=true&amp;langId=44&amp;quantity_0=0">           
         
       <input type="hidden" name="callAjax" value="false">
       
    
    <div class="add2Cart " id="addQtyPanelProduct_1367234">    
        
            <a class="button process addQty  " id="addQty_1367234" href="#">
                Add
            </a>

            <input type="hidden" name="Add" value="Add">
        
    </div>

</form>
<!-- END AddToTrolley.jsp -->
                                    </div>  
                                
                    </div><!-- END priceTabContainer Add container --><!-- Subscribe container --><!-- Start AddToSubscriptionList.jspf --><!-- Start AddToSubscriptionList.jsp --><!-- End AddToSubscriptionList.jsp --><!-- End AddToSubscriptionList.jspf --> 
                </div>  
            </div>  
        </div>
    </div>     
    </div> 
    <div id="additionalItems_1367235" class="additionalItems">
        <!-- BEGIN MerchandisingAssociationsDisplay.jsp --><!-- Start - JSP File Name:  MerchandisingAssociationsDisplay.jsp --><!-- END MerchandisingAssociationsDisplay.jsp -->  
    </div> 

<!-- END CatalogEntryThumbnailDisplay.jsp -->
                            </li>
                        
                            <li>
                                
                                                <div class="trolleySummary"><p class="saving">
                                                         <!-- %@ include file="../../include/PromotionStrapline.jspf"% -->
                                                </p></div>
                                            
                                                <div class="trolleySummary"><p class="saving">
                                                         <!-- %@ include file="../../include/PromotionStrapline.jspf"% -->
                                                </p></div>
                                            
                                                <div class="trolleySummary"><p class="saving">
                                                         <!-- %@ include file="../../include/PromotionStrapline.jspf"% -->
                                                </p></div>
                                            <!-- BEGIN CatalogEntryThumbnailDisplay.jsp -->
    <div class="product ">
        
        <div class="errorBanner hidden" id="error53880"></div>
                        
        
        <div class="productInner">
            <div class="productInfoWrapper">
                <div class="productInfo">
                    
                            <h3>
                                <a href="https://www.sainsburys.co.uk/shop/gb/groceries/product/details/aero-peppermint-bubbly-bar-40g">
                                    Aero Peppermint Chocolate Bar 36g
                                    <img src="https://assets.sainsburys-groceries.co.uk/gol/7552056/image.jpg" alt="">
                                </a>
                            </h3>
                        
<div class="promotion">

                        <p>
                            <a strapline="Meal Deal for Â£5.00 | 7552056" href="https://www.sainsburys.co.uk/shop/PromotionDisplayView?listId=2&amp;catalogId=10241&amp;productId=53880&amp;langId=44&amp;storeId=10151&amp;promotionId=10664136"><!-- BEGIN include/PromotionStrapline.jspf -->Meal Deal for Â£5.00<br>

<!-- FINISH include/PromotionStrapline.jspf -->
                            </a>
                        </p>
                    
                        <p>
                            <a strapline="Meal Deal for Â£3.75 | 7552056" href="https://www.sainsburys.co.uk/shop/PromotionDisplayView?listId=2&amp;catalogId=10241&amp;productId=53880&amp;langId=44&amp;storeId=10151&amp;promotionId=10669742">PLUS <!-- BEGIN include/PromotionStrapline.jspf -->Meal Deal for Â£3.75<br>

<!-- FINISH include/PromotionStrapline.jspf -->
                            </a>
                        </p>
                                
</div>

                    <div class="ThumbnailRoundel">
                    <!--ThumbnailRoundel --> 
                    </div>
                    <div class="promoBages">
                        <!-- PROMOTION -->
                    </div>


                    <!-- Review --><!-- BEGIN CatalogEntryRatingsReviewsInfo.jspf --><!-- productAllowedRatingsAndReviews: true -->
<div class="reviews">

    <a class="numberOfReviews" href="https://www.sainsburys.co.uk/shop/gb/groceries/product/details/aero-peppermint-bubbly-bar-40g">
        <img src="//www.sainsburys.co.uk/wcsstore7.137.2/SainsburysStorefrontAssetStore/img/stars/rating-4_8.gif" alt="4.8276" border="0">&nbsp; 
        Reviews (29)
    </a>

</div>
<!-- END CatalogEntryRatingsReviewsInfo.jspf -->
                </div>
                <!--ThumbnailRestriction -->
            </div>
            
            <div class="addToTrolleytabBox">
            <!-- addToTrolleytabBox LIST VIEW--><!-- Start UserSubscribedOrNot.jspf --><!-- Start UserSubscribedOrNot.jsp --><!-- 
    If the user is not logged in, render this opening 
    DIV adding an addtional class to fix the border top which is removed 
    and replaced by the tabs
-->
<div class="addToTrolleytabContainer addItemBorderTop">
<!-- End AddToSubscriptionList.jsp --><!-- End AddSubscriptionList.jspf --><!-- 
                    ATTENTION!!!
                    <div class="addToTrolleytabContainer">
                    This opening div is inside "../../ReusableObjects/UserSubscribedOrNot.jsp"
                    -->
                <div class="pricingAndTrolleyOptions">  
                    <div class="priceTab activeContainer priceTabContainer" id="addItem_53881"> 
                        <div class="pricing">
                            
<p class="pricePerUnit">
95p 
</p>

<p class="pricePerMeasure">Â£2.64<abbr title="per">/</abbr>100<abbr title="gram"><span class="pricePerMeasureMeasure">g</span></abbr>
</p>

                                
                        </div>  
                          
                                    <div class="addToTrolleyForm ">   
                                        <!-- BEGIN AddToTrolley.jsp --><!-- fire an on add to bag here from  -->

<form class="addToTrolleyForm" name="OrderItemAddForm_53880" action="OrderItemAdd" method="post" id="OrderItemAddForm_53880">
    <input type="hidden" name="storeId" value="10151">
    <input type="hidden" name="langId" value="44">
    <input type="hidden" name="catalogId" value="10241">
    <input type="hidden" name="authToken" id="authToken53880" value="-1002%2C3jIiHU%2F3lFc4jalpGDAhYOztAdQ%3D">
    
    
    <input type="hidden" name="errorViewName" value="PromotionDisplayView">
    <input type="hidden" name="SKU_ID" value="7552056">
    <input type="hidden" name="itemType" value="">
    <input type="hidden" name="parentSKU" value="">
    
    
       <input type="hidden" id="productCatentryId_53881" value="53880">
       <input type="hidden" id="catEntryId_53880" value="53881">
       <input type="hidden" name="ItemSKU_ID" value="7552056">
     
        
        <div class="quantity hidden" id="updateQtyPanelProduct_53880" data-qty="">
            <ul>
                <li>
                    <a class="button decreaseQty " id="decreaseQty_53880" href="#">-</a> 
                </li>
                <li>	
                    <label class="access" for="quantity_53880">Quantity</label>						
                    <a href="#" class="button quantityPlp  " id="quantityUpdate_53880">
                        </a>
                    <input name="quantity" id="quantity_53880" type="hidden" size="3" value="" class="quantity">		        
                </li>
                <li>
                    
                    <a class="button increaseQty " id="increaseQty_53880" href="#">+</a>
                </li>
            </ul>
        </div>				
            
        
            <input type="hidden" name="catEntryId" value="53881">
        

        <input type="hidden" name="productId" value="53880">
        

    <input type="hidden" name="URL" value="https://www.sainsburys.co.uk/webapp/wcs/stores/servlet/PromotionDisplayView?listId=2&amp;catalogId=10241&amp;productId=1117540&amp;langId=44&amp;storeId=10151&amp;promotionId=10669742">
    <input type="hidden" name="page" value="">
    <input type="hidden" name="contractId" value="">
    <input type="hidden" name="calculateOrder" value="1">
    <input type="hidden" name="calculationUsage" value="-1,-2,-3">
    <input type="hidden" name="updateable" value="1">
    <input type="hidden" name="merge" value="***">

                                  
            <input type="hidden" id="updateUrl_53880" updateurlchild_53881="AjaxOrderItemUpdate?calculateOrder=1&amp;itemType=&amp;ordItemUpdateFlag=0&amp;orderId=.&amp;updatePrices=1&amp;authToken=-1002%252C3jIiHU%252F3lFc4jalpGDAhYOztAdQ%253D&amp;calculationUsage=-1,-2,-3&amp;storeId=10151&amp;errorViewName=AjaxQuickCartDisplay&amp;URL=AjaxQuickCartDisplay&amp;catEntryId=53881&amp;orderItemId_0=&amp;UOM_0=&amp;langId=44&amp;quantity_0=1">
            <input type="hidden" id="removeUrl_53880" removeurlchild_53881="AjaxOrderItemUpdate?calculateOrder=1&amp;itemType=&amp;productId=&amp;ordItemUpdateFlag=2&amp;orderId=.&amp;updatePrices=1&amp;authToken=-1002%252C3jIiHU%252F3lFc4jalpGDAhYOztAdQ%253D&amp;calculationUsage=-1,-2,-3&amp;storeId=10151&amp;errorViewName=AjaxQuickCartDisplay&amp;URL=AjaxQuickCartDisplay&amp;catEntryId=53881&amp;productSKU=&amp;orderItemId_0=&amp;qtyDecremented=true&amp;langId=44&amp;quantity_0=0">           
         
       <input type="hidden" name="callAjax" value="false">
       
    
    <div class="add2Cart " id="addQtyPanelProduct_53880">    
        
            <a class="button process addQty  " id="addQty_53880" href="#">
                Add
            </a>

            <input type="hidden" name="Add" value="Add">
        
    </div>

</form>
<!-- END AddToTrolley.jsp -->
                                    </div>  
                                
                    </div><!-- END priceTabContainer Add container --><!-- Subscribe container --><!-- Start AddToSubscriptionList.jspf --><!-- Start AddToSubscriptionList.jsp --><!-- End AddToSubscriptionList.jsp --><!-- End AddToSubscriptionList.jspf --> 
                </div>  
            </div>  
        </div>
    </div>     
    </div> 
    <div id="additionalItems_53881" class="additionalItems">
        <!-- BEGIN MerchandisingAssociationsDisplay.jsp --><!-- Start - JSP File Name:  MerchandisingAssociationsDisplay.jsp --><!-- END MerchandisingAssociationsDisplay.jsp -->  
    </div> 

<!-- END CatalogEntryThumbnailDisplay.jsp -->
                            </li>
                        
                            <li>
                                
                                                <div class="trolleySummary"><p class="saving">
                                                         <!-- %@ include file="../../include/PromotionStrapline.jspf"% -->
                                                </p></div>
                                            
                                                <div class="trolleySummary"><p class="saving">
                                                         <!-- %@ include file="../../include/PromotionStrapline.jspf"% -->
                                                </p></div>
                                            
                                                <div class="trolleySummary"><p class="saving">
                                                         <!-- %@ include file="../../include/PromotionStrapline.jspf"% -->
                                                </p></div>
                                            <!-- BEGIN CatalogEntryThumbnailDisplay.jsp -->
    <div class="product ">
        
        <div class="errorBanner hidden" id="error968010"></div>
                        
        
        <div class="productInner">
            <div class="productInfoWrapper">
                <div class="productInfo">
                    
                            <h3>
                                <a href="https://www.sainsburys.co.uk/shop/gb/groceries/product/details/skips-prawn-cocktail-40g">
                                    Skips Prawn Cocktail Grab Bag Crisps 35g
                                    <img src="https://assets.sainsburys-groceries.co.uk/gol/7774944/image.jpg" alt="">
                                </a>
                            </h3>
                        
<div class="promotion">

                        <p>
                            <a strapline="Meal Deal for Â£5.00 | 7774944" href="https://www.sainsburys.co.uk/shop/PromotionDisplayView?listId=2&amp;catalogId=10241&amp;productId=968010&amp;langId=44&amp;storeId=10151&amp;promotionId=10664136"><!-- BEGIN include/PromotionStrapline.jspf -->Meal Deal for Â£5.00<br>

<!-- FINISH include/PromotionStrapline.jspf -->
                            </a>
                        </p>
                    
                        <p>
                            <a strapline="Meal Deal for Â£3.75 | 7774944" href="https://www.sainsburys.co.uk/shop/PromotionDisplayView?listId=2&amp;catalogId=10241&amp;productId=968010&amp;langId=44&amp;storeId=10151&amp;promotionId=10669742">PLUS <!-- BEGIN include/PromotionStrapline.jspf -->Meal Deal for Â£3.75<br>

<!-- FINISH include/PromotionStrapline.jspf -->
                            </a>
                        </p>
                                
</div>

                    <div class="ThumbnailRoundel">
                    <!--ThumbnailRoundel --> 
                    </div>
                    <div class="promoBages">
                        <!-- PROMOTION -->
                    </div>


                    <!-- Review --><!-- BEGIN CatalogEntryRatingsReviewsInfo.jspf --><!-- productAllowedRatingsAndReviews: true -->
<div class="reviews">

    <a class="numberOfReviews" href="https://www.sainsburys.co.uk/shop/gb/groceries/product/details/skips-prawn-cocktail-40g">
        <img src="//www.sainsburys.co.uk/wcsstore7.137.2/SainsburysStorefrontAssetStore/img/stars/rating-4_8.gif" alt="4.7755" border="0">&nbsp; 
        Reviews (49)
    </a>

</div>
<!-- END CatalogEntryRatingsReviewsInfo.jspf -->
                </div>
                <!--ThumbnailRestriction -->
            </div>
            
            <div class="addToTrolleytabBox">
            <!-- addToTrolleytabBox LIST VIEW--><!-- Start UserSubscribedOrNot.jspf --><!-- Start UserSubscribedOrNot.jsp --><!-- 
    If the user is not logged in, render this opening 
    DIV adding an addtional class to fix the border top which is removed 
    and replaced by the tabs
-->
<div class="addToTrolleytabContainer addItemBorderTop">
<!-- End AddToSubscriptionList.jsp --><!-- End AddSubscriptionList.jspf --><!-- 
                    ATTENTION!!!
                    <div class="addToTrolleytabContainer">
                    This opening div is inside "../../ReusableObjects/UserSubscribedOrNot.jsp"
                    -->
                <div class="pricingAndTrolleyOptions">  
                    <div class="priceTab activeContainer priceTabContainer" id="addItem_968011"> 
                        <div class="pricing">
                            
<p class="pricePerUnit">
Â£1.10 
</p>

<p class="pricePerMeasure">Â£3.14<abbr title="per">/</abbr>100<abbr title="gram"><span class="pricePerMeasureMeasure">g</span></abbr>
</p>

                                
                        </div>  
                          
                                    <div class="addToTrolleyForm ">   
                                        <!-- BEGIN AddToTrolley.jsp --><!-- fire an on add to bag here from  -->

<form class="addToTrolleyForm" name="OrderItemAddForm_968010" action="OrderItemAdd" method="post" id="OrderItemAddForm_968010">
    <input type="hidden" name="storeId" value="10151">
    <input type="hidden" name="langId" value="44">
    <input type="hidden" name="catalogId" value="10241">
    <input type="hidden" name="authToken" id="authToken968010" value="-1002%2C3jIiHU%2F3lFc4jalpGDAhYOztAdQ%3D">
    
    
    <input type="hidden" name="errorViewName" value="PromotionDisplayView">
    <input type="hidden" name="SKU_ID" value="7774944">
    <input type="hidden" name="itemType" value="">
    <input type="hidden" name="parentSKU" value="">
    
    
       <input type="hidden" id="productCatentryId_968011" value="968010">
       <input type="hidden" id="catEntryId_968010" value="968011">
       <input type="hidden" name="ItemSKU_ID" value="7774944">
     
        
        <div class="quantity hidden" id="updateQtyPanelProduct_968010" data-qty="">
            <ul>
                <li>
                    <a class="button decreaseQty " id="decreaseQty_968010" href="#">-</a> 
                </li>
                <li>	
                    <label class="access" for="quantity_968010">Quantity</label>						
                    <a href="#" class="button quantityPlp  " id="quantityUpdate_968010">
                        </a>
                    <input name="quantity" id="quantity_968010" type="hidden" size="3" value="" class="quantity">		        
                </li>
                <li>
                    
                    <a class="button increaseQty " id="increaseQty_968010" href="#">+</a>
                </li>
            </ul>
        </div>				
            
        
            <input type="hidden" name="catEntryId" value="968011">
        

        <input type="hidden" name="productId" value="968010">
        

    <input type="hidden" name="URL" value="https://www.sainsburys.co.uk/webapp/wcs/stores/servlet/PromotionDisplayView?listId=2&amp;catalogId=10241&amp;productId=1117540&amp;langId=44&amp;storeId=10151&amp;promotionId=10669742">
    <input type="hidden" name="page" value="">
    <input type="hidden" name="contractId" value="">
    <input type="hidden" name="calculateOrder" value="1">
    <input type="hidden" name="calculationUsage" value="-1,-2,-3">
    <input type="hidden" name="updateable" value="1">
    <input type="hidden" name="merge" value="***">

                                  
            <input type="hidden" id="updateUrl_968010" updateurlchild_968011="AjaxOrderItemUpdate?calculateOrder=1&amp;itemType=&amp;ordItemUpdateFlag=0&amp;orderId=.&amp;updatePrices=1&amp;authToken=-1002%252C3jIiHU%252F3lFc4jalpGDAhYOztAdQ%253D&amp;calculationUsage=-1,-2,-3&amp;storeId=10151&amp;errorViewName=AjaxQuickCartDisplay&amp;URL=AjaxQuickCartDisplay&amp;catEntryId=968011&amp;orderItemId_0=&amp;UOM_0=&amp;langId=44&amp;quantity_0=1">
            <input type="hidden" id="removeUrl_968010" removeurlchild_968011="AjaxOrderItemUpdate?calculateOrder=1&amp;itemType=&amp;productId=&amp;ordItemUpdateFlag=2&amp;orderId=.&amp;updatePrices=1&amp;authToken=-1002%252C3jIiHU%252F3lFc4jalpGDAhYOztAdQ%253D&amp;calculationUsage=-1,-2,-3&amp;storeId=10151&amp;errorViewName=AjaxQuickCartDisplay&amp;URL=AjaxQuickCartDisplay&amp;catEntryId=968011&amp;productSKU=&amp;orderItemId_0=&amp;qtyDecremented=true&amp;langId=44&amp;quantity_0=0">           
         
       <input type="hidden" name="callAjax" value="false">
       
    
    <div class="add2Cart " id="addQtyPanelProduct_968010">    
        
            <a class="button process addQty  " id="addQty_968010" href="#">
                Add
            </a>

            <input type="hidden" name="Add" value="Add">
        
    </div>

</form>
<!-- END AddToTrolley.jsp -->
                                    </div>  
                                
                    </div><!-- END priceTabContainer Add container --><!-- Subscribe container --><!-- Start AddToSubscriptionList.jspf --><!-- Start AddToSubscriptionList.jsp --><!-- End AddToSubscriptionList.jsp --><!-- End AddToSubscriptionList.jspf --> 
                </div>  
            </div>  
        </div>
    </div>     
    </div> 
    <div id="additionalItems_968011" class="additionalItems">
        <!-- BEGIN MerchandisingAssociationsDisplay.jsp --><!-- Start - JSP File Name:  MerchandisingAssociationsDisplay.jsp --><!-- END MerchandisingAssociationsDisplay.jsp -->  
    </div> 

<!-- END CatalogEntryThumbnailDisplay.jsp -->
                            </li>
                        
                            <li>
                                
                                                <div class="trolleySummary"><p class="saving">
                                                         <!-- %@ include file="../../include/PromotionStrapline.jspf"% -->
                                                </p></div>
                                            
                                                <div class="trolleySummary"><p class="saving">
                                                         <!-- %@ include file="../../include/PromotionStrapline.jspf"% -->
                                                </p></div>
                                            
                                                <div class="trolleySummary"><p class="saving">
                                                         <!-- %@ include file="../../include/PromotionStrapline.jspf"% -->
                                                </p></div>
                                            <!-- BEGIN CatalogEntryThumbnailDisplay.jsp -->
    <div class="product ">
        
        <div class="errorBanner hidden" id="error1329130"></div>
                        
        
        <div class="productInner">
            <div class="productInfoWrapper">
                <div class="productInfo">
                    
                            <h3>
                                <a href="https://www.sainsburys.co.uk/shop/gb/groceries/product/details/walkers-prawn-cocktail-crisps-45g">
                                    Walkers Prawn Cocktail Crisps 45g
                                    <img src="https://assets.sainsburys-groceries.co.uk/gol/8001432/image.jpg" alt="">
                                </a>
                            </h3>
                        
<div class="promotion">

                        <p>
                            <a strapline="Meal Deal for Â£5.00 | 8001432" href="https://www.sainsburys.co.uk/shop/PromotionDisplayView?listId=2&amp;catalogId=10241&amp;productId=1329130&amp;langId=44&amp;storeId=10151&amp;promotionId=10664136"><!-- BEGIN include/PromotionStrapline.jspf -->Meal Deal for Â£5.00<br>

<!-- FINISH include/PromotionStrapline.jspf -->
                            </a>
                        </p>
                    
                        <p>
                            <a strapline="Meal Deal for Â£3.75 | 8001432" href="https://www.sainsburys.co.uk/shop/PromotionDisplayView?listId=2&amp;catalogId=10241&amp;productId=1329130&amp;langId=44&amp;storeId=10151&amp;promotionId=10669742">PLUS <!-- BEGIN include/PromotionStrapline.jspf -->Meal Deal for Â£3.75<br>

<!-- FINISH include/PromotionStrapline.jspf -->
                            </a>
                        </p>
                                
</div>

                    <div class="ThumbnailRoundel">
                    <!--ThumbnailRoundel --> 
                    </div>
                    <div class="promoBages">
                        <!-- PROMOTION -->
                    </div>


                    <!-- Review --><!-- BEGIN CatalogEntryRatingsReviewsInfo.jspf --><!-- productAllowedRatingsAndReviews: true -->
<div class="reviews">

    <a class="numberOfReviews" href="https://www.sainsburys.co.uk/shop/gb/groceries/product/details/walkers-prawn-cocktail-crisps-45g">
        <img src="//www.sainsburys.co.uk/wcsstore7.137.2/SainsburysStorefrontAssetStore/img/stars/rating-4_2.gif" alt="4.1667" border="0">&nbsp; 
        Reviews (24)
    </a>

</div>
<!-- END CatalogEntryRatingsReviewsInfo.jspf -->
                </div>
                <!--ThumbnailRestriction -->
            </div>
            
            <div class="addToTrolleytabBox">
            <!-- addToTrolleytabBox LIST VIEW--><!-- Start UserSubscribedOrNot.jspf --><!-- Start UserSubscribedOrNot.jsp --><!-- 
    If the user is not logged in, render this opening 
    DIV adding an addtional class to fix the border top which is removed 
    and replaced by the tabs
-->
<div class="addToTrolleytabContainer addItemBorderTop">
<!-- End AddToSubscriptionList.jsp --><!-- End AddSubscriptionList.jspf --><!-- 
                    ATTENTION!!!
                    <div class="addToTrolleytabContainer">
                    This opening div is inside "../../ReusableObjects/UserSubscribedOrNot.jsp"
                    -->
                <div class="pricingAndTrolleyOptions">  
                    <div class="priceTab activeContainer priceTabContainer" id="addItem_1329131"> 
                        <div class="pricing">
                            
<p class="pricePerUnit">
Â£1.10 
</p>

<p class="pricePerMeasure">Â£2.44<abbr title="per">/</abbr>100<abbr title="gram"><span class="pricePerMeasureMeasure">g</span></abbr>
</p>

                                
                        </div>  
                          
                                    <div class="addToTrolleyForm ">   
                                        <!-- BEGIN AddToTrolley.jsp --><!-- fire an on add to bag here from  -->

<form class="addToTrolleyForm" name="OrderItemAddForm_1329130" action="OrderItemAdd" method="post" id="OrderItemAddForm_1329130">
    <input type="hidden" name="storeId" value="10151">
    <input type="hidden" name="langId" value="44">
    <input type="hidden" name="catalogId" value="10241">
    <input type="hidden" name="authToken" id="authToken1329130" value="-1002%2C3jIiHU%2F3lFc4jalpGDAhYOztAdQ%3D">
    
    
    <input type="hidden" name="errorViewName" value="PromotionDisplayView">
    <input type="hidden" name="SKU_ID" value="8001432">
    <input type="hidden" name="itemType" value="">
    <input type="hidden" name="parentSKU" value="">
    
    
       <input type="hidden" id="productCatentryId_1329131" value="1329130">
       <input type="hidden" id="catEntryId_1329130" value="1329131">
       <input type="hidden" name="ItemSKU_ID" value="8001432">
     
        
        <div class="quantity hidden" id="updateQtyPanelProduct_1329130" data-qty="">
            <ul>
                <li>
                    <a class="button decreaseQty " id="decreaseQty_1329130" href="#">-</a> 
                </li>
                <li>	
                    <label class="access" for="quantity_1329130">Quantity</label>						
                    <a href="#" class="button quantityPlp  " id="quantityUpdate_1329130">
                        </a>
                    <input name="quantity" id="quantity_1329130" type="hidden" size="3" value="" class="quantity">		        
                </li>
                <li>
                    
                    <a class="button increaseQty " id="increaseQty_1329130" href="#">+</a>
                </li>
            </ul>
        </div>				
            
        
            <input type="hidden" name="catEntryId" value="1329131">
        

        <input type="hidden" name="productId" value="1329130">
        

    <input type="hidden" name="URL" value="https://www.sainsburys.co.uk/webapp/wcs/stores/servlet/PromotionDisplayView?listId=2&amp;catalogId=10241&amp;productId=1117540&amp;langId=44&amp;storeId=10151&amp;promotionId=10669742">
    <input type="hidden" name="page" value="">
    <input type="hidden" name="contractId" value="">
    <input type="hidden" name="calculateOrder" value="1">
    <input type="hidden" name="calculationUsage" value="-1,-2,-3">
    <input type="hidden" name="updateable" value="1">
    <input type="hidden" name="merge" value="***">

                                  
            <input type="hidden" id="updateUrl_1329130" updateurlchild_1329131="AjaxOrderItemUpdate?calculateOrder=1&amp;itemType=&amp;ordItemUpdateFlag=0&amp;orderId=.&amp;updatePrices=1&amp;authToken=-1002%252C3jIiHU%252F3lFc4jalpGDAhYOztAdQ%253D&amp;calculationUsage=-1,-2,-3&amp;storeId=10151&amp;errorViewName=AjaxQuickCartDisplay&amp;URL=AjaxQuickCartDisplay&amp;catEntryId=1329131&amp;orderItemId_0=&amp;UOM_0=&amp;langId=44&amp;quantity_0=1">
            <input type="hidden" id="removeUrl_1329130" removeurlchild_1329131="AjaxOrderItemUpdate?calculateOrder=1&amp;itemType=&amp;productId=&amp;ordItemUpdateFlag=2&amp;orderId=.&amp;updatePrices=1&amp;authToken=-1002%252C3jIiHU%252F3lFc4jalpGDAhYOztAdQ%253D&amp;calculationUsage=-1,-2,-3&amp;storeId=10151&amp;errorViewName=AjaxQuickCartDisplay&amp;URL=AjaxQuickCartDisplay&amp;catEntryId=1329131&amp;productSKU=&amp;orderItemId_0=&amp;qtyDecremented=true&amp;langId=44&amp;quantity_0=0">           
         
       <input type="hidden" name="callAjax" value="false">
       
    
    <div class="add2Cart " id="addQtyPanelProduct_1329130">    
        
            <a class="button process addQty  " id="addQty_1329130" href="#">
                Add
            </a>

            <input type="hidden" name="Add" value="Add">
        
    </div>

</form>
<!-- END AddToTrolley.jsp -->
                                    </div>  
                                
                    </div><!-- END priceTabContainer Add container --><!-- Subscribe container --><!-- Start AddToSubscriptionList.jspf --><!-- Start AddToSubscriptionList.jsp --><!-- End AddToSubscriptionList.jsp --><!-- End AddToSubscriptionList.jspf --> 
                </div>  
            </div>  
        </div>
    </div>     
    </div> 
    <div id="additionalItems_1329131" class="additionalItems">
        <!-- BEGIN MerchandisingAssociationsDisplay.jsp --><!-- Start - JSP File Name:  MerchandisingAssociationsDisplay.jsp --><!-- END MerchandisingAssociationsDisplay.jsp -->  
    </div> 

<!-- END CatalogEntryThumbnailDisplay.jsp -->
                            </li>
                        
                            <li>
                                
                                                <div class="trolleySummary"><p class="saving">
                                                         <!-- %@ include file="../../include/PromotionStrapline.jspf"% -->
                                                </p></div>
                                            
                                                <div class="trolleySummary"><p class="saving">
                                                         <!-- %@ include file="../../include/PromotionStrapline.jspf"% -->
                                                </p></div>
                                            
                                                <div class="trolleySummary"><p class="saving">
                                                         <!-- %@ include file="../../include/PromotionStrapline.jspf"% -->
                                                </p></div>
                                            <!-- BEGIN CatalogEntryThumbnailDisplay.jsp -->
    <div class="product ">
        
        <div class="errorBanner hidden" id="error38826"></div>
                        
        
        <div class="productInner">
            <div class="productInfoWrapper">
                <div class="productInfo">
                    
                            <h3>
                                <a href="https://www.sainsburys.co.uk/shop/gb/groceries/product/details/cadbury-caramel-bar--single-45g">
                                    Cadbury Dairy Milk Caramel Chocolate Bar Single 45g
                                    <img src="https://assets.sainsburys-groceries.co.uk/gol/2566375/image.jpg" alt="">
                                </a>
                            </h3>
                        
<div class="promotion">

                        <p>
                            <a strapline="Meal Deal for Â£5.00 | 2566375" href="https://www.sainsburys.co.uk/shop/PromotionDisplayView?listId=2&amp;catalogId=10241&amp;productId=38826&amp;langId=44&amp;storeId=10151&amp;promotionId=10664136"><!-- BEGIN include/PromotionStrapline.jspf -->Meal Deal for Â£5.00<br>

<!-- FINISH include/PromotionStrapline.jspf -->
                            </a>
                        </p>
                    
                        <p>
                            <a strapline="Meal Deal for Â£3.75 | 2566375" href="https://www.sainsburys.co.uk/shop/PromotionDisplayView?listId=2&amp;catalogId=10241&amp;productId=38826&amp;langId=44&amp;storeId=10151&amp;promotionId=10669742">PLUS <!-- BEGIN include/PromotionStrapline.jspf -->Meal Deal for Â£3.75<br>

<!-- FINISH include/PromotionStrapline.jspf -->
                            </a>
                        </p>
                                
</div>

                    <div class="ThumbnailRoundel">
                    <!--ThumbnailRoundel --> 
                    </div>
                    <div class="promoBages">
                        <!-- PROMOTION -->
                    </div>


                    <!-- Review --><!-- BEGIN CatalogEntryRatingsReviewsInfo.jspf --><!-- productAllowedRatingsAndReviews: true -->
<div class="reviews">

    <a class="numberOfReviews" href="https://www.sainsburys.co.uk/shop/gb/groceries/product/details/cadbury-caramel-bar--single-45g">
        <img src="//www.sainsburys.co.uk/wcsstore7.137.2/SainsburysStorefrontAssetStore/img/stars/rating-5_0.gif" alt="5.0" border="0">&nbsp; 
        Reviews (8)
    </a>

</div>
<!-- END CatalogEntryRatingsReviewsInfo.jspf -->
                </div>
                <!--ThumbnailRestriction -->
            </div>
            
            <div class="addToTrolleytabBox">
            <!-- addToTrolleytabBox LIST VIEW--><!-- Start UserSubscribedOrNot.jspf --><!-- Start UserSubscribedOrNot.jsp --><!-- 
    If the user is not logged in, render this opening 
    DIV adding an addtional class to fix the border top which is removed 
    and replaced by the tabs
-->
<div class="addToTrolleytabContainer addItemBorderTop">
<!-- End AddToSubscriptionList.jsp --><!-- End AddSubscriptionList.jspf --><!-- 
                    ATTENTION!!!
                    <div class="addToTrolleytabContainer">
                    This opening div is inside "../../ReusableObjects/UserSubscribedOrNot.jsp"
                    -->
                <div class="pricingAndTrolleyOptions">  
                    <div class="priceTab activeContainer priceTabContainer" id="addItem_38827"> 
                        <div class="pricing">
                            
<p class="pricePerUnit">
Â£1.05 
</p>

<p class="pricePerMeasure">Â£2.33<abbr title="per">/</abbr>100<abbr title="gram"><span class="pricePerMeasureMeasure">g</span></abbr>
</p>

                                
                        </div>  
                          
                                    <div class="addToTrolleyForm ">   
                                        <!-- BEGIN AddToTrolley.jsp --><!-- fire an on add to bag here from  -->

<form class="addToTrolleyForm" name="OrderItemAddForm_38826" action="OrderItemAdd" method="post" id="OrderItemAddForm_38826">
    <input type="hidden" name="storeId" value="10151">
    <input type="hidden" name="langId" value="44">
    <input type="hidden" name="catalogId" value="10241">
    <input type="hidden" name="authToken" id="authToken38826" value="-1002%2C3jIiHU%2F3lFc4jalpGDAhYOztAdQ%3D">
    
    
    <input type="hidden" name="errorViewName" value="PromotionDisplayView">
    <input type="hidden" name="SKU_ID" value="2566375">
    <input type="hidden" name="itemType" value="">
    <input type="hidden" name="parentSKU" value="">
    
    
       <input type="hidden" id="productCatentryId_38827" value="38826">
       <input type="hidden" id="catEntryId_38826" value="38827">
       <input type="hidden" name="ItemSKU_ID" value="2566375">
     
        
        <div class="quantity hidden" id="updateQtyPanelProduct_38826" data-qty="">
            <ul>
                <li>
                    <a class="button decreaseQty " id="decreaseQty_38826" href="#">-</a> 
                </li>
                <li>	
                    <label class="access" for="quantity_38826">Quantity</label>						
                    <a href="#" class="button quantityPlp  " id="quantityUpdate_38826">
                        </a>
                    <input name="quantity" id="quantity_38826" type="hidden" size="3" value="" class="quantity">		        
                </li>
                <li>
                    
                    <a class="button increaseQty " id="increaseQty_38826" href="#">+</a>
                </li>
            </ul>
        </div>				
            
        
            <input type="hidden" name="catEntryId" value="38827">
        

        <input type="hidden" name="productId" value="38826">
        

    <input type="hidden" name="URL" value="https://www.sainsburys.co.uk/webapp/wcs/stores/servlet/PromotionDisplayView?listId=2&amp;catalogId=10241&amp;productId=1117540&amp;langId=44&amp;storeId=10151&amp;promotionId=10669742">
    <input type="hidden" name="page" value="">
    <input type="hidden" name="contractId" value="">
    <input type="hidden" name="calculateOrder" value="1">
    <input type="hidden" name="calculationUsage" value="-1,-2,-3">
    <input type="hidden" name="updateable" value="1">
    <input type="hidden" name="merge" value="***">

                                  
            <input type="hidden" id="updateUrl_38826" updateurlchild_38827="AjaxOrderItemUpdate?calculateOrder=1&amp;itemType=&amp;ordItemUpdateFlag=0&amp;orderId=.&amp;updatePrices=1&amp;authToken=-1002%252C3jIiHU%252F3lFc4jalpGDAhYOztAdQ%253D&amp;calculationUsage=-1,-2,-3&amp;storeId=10151&amp;errorViewName=AjaxQuickCartDisplay&amp;URL=AjaxQuickCartDisplay&amp;catEntryId=38827&amp;orderItemId_0=&amp;UOM_0=&amp;langId=44&amp;quantity_0=1">
            <input type="hidden" id="removeUrl_38826" removeurlchild_38827="AjaxOrderItemUpdate?calculateOrder=1&amp;itemType=&amp;productId=&amp;ordItemUpdateFlag=2&amp;orderId=.&amp;updatePrices=1&amp;authToken=-1002%252C3jIiHU%252F3lFc4jalpGDAhYOztAdQ%253D&amp;calculationUsage=-1,-2,-3&amp;storeId=10151&amp;errorViewName=AjaxQuickCartDisplay&amp;URL=AjaxQuickCartDisplay&amp;catEntryId=38827&amp;productSKU=&amp;orderItemId_0=&amp;qtyDecremented=true&amp;langId=44&amp;quantity_0=0">           
         
       <input type="hidden" name="callAjax" value="false">
       
    
    <div class="add2Cart " id="addQtyPanelProduct_38826">    
        
            <a class="button process addQty  " id="addQty_38826" href="#">
                Add
            </a>

            <input type="hidden" name="Add" value="Add">
        
    </div>

</form>
<!-- END AddToTrolley.jsp -->
                                    </div>  
                                
                    </div><!-- END priceTabContainer Add container --><!-- Subscribe container --><!-- Start AddToSubscriptionList.jspf --><!-- Start AddToSubscriptionList.jsp --><!-- End AddToSubscriptionList.jsp --><!-- End AddToSubscriptionList.jspf --> 
                </div>  
            </div>  
        </div>
    </div>     
    </div> 
    <div id="additionalItems_38827" class="additionalItems">
        <!-- BEGIN MerchandisingAssociationsDisplay.jsp --><!-- Start - JSP File Name:  MerchandisingAssociationsDisplay.jsp --><!-- END MerchandisingAssociationsDisplay.jsp -->  
    </div> 

<!-- END CatalogEntryThumbnailDisplay.jsp -->
                            </li>
                        
                            <li>
                                
                                                <div class="trolleySummary"><p class="saving">
                                                         <!-- %@ include file="../../include/PromotionStrapline.jspf"% -->
                                                </p></div>
                                            
                                                <div class="trolleySummary"><p class="saving">
                                                         <!-- %@ include file="../../include/PromotionStrapline.jspf"% -->
                                                </p></div>
                                            
                                                <div class="trolleySummary"><p class="saving">
                                                         <!-- %@ include file="../../include/PromotionStrapline.jspf"% -->
                                                </p></div>
                                            <!-- BEGIN CatalogEntryThumbnailDisplay.jsp -->
    <div class="product ">
        
        <div class="errorBanner hidden" id="error1379750"></div>
                        
        
        <div class="productInner">
            <div class="productInfoWrapper">
                <div class="productInfo">
                    
                            <h3>
                                <a href="https://www.sainsburys.co.uk/shop/gb/groceries/product/details/batchelors-big-pasta-sauce-cheese-broccoli-85g">
                                    Batchelors Big Pasta 'n' Sauce, Cheese &amp; Broccoli 85g
                                    <img src="https://assets.sainsburys-groceries.co.uk/gol/8046912/image.jpg" alt="">
                                </a>
                            </h3>
                        
<div class="promotion">

                        <p>
                            <a strapline="Meal Deal for Â£5.00 | 8046912" href="https://www.sainsburys.co.uk/shop/PromotionDisplayView?listId=2&amp;catalogId=10241&amp;productId=1379750&amp;langId=44&amp;storeId=10151&amp;promotionId=10664136"><!-- BEGIN include/PromotionStrapline.jspf -->Meal Deal for Â£5.00<br>

<!-- FINISH include/PromotionStrapline.jspf -->
                            </a>
                        </p>
                    
                        <p>
                            <a strapline="Meal Deal for Â£3.75 | 8046912" href="https://www.sainsburys.co.uk/shop/PromotionDisplayView?listId=2&amp;catalogId=10241&amp;productId=1379750&amp;langId=44&amp;storeId=10151&amp;promotionId=10669742">PLUS <!-- BEGIN include/PromotionStrapline.jspf -->Meal Deal for Â£3.75<br>

<!-- FINISH include/PromotionStrapline.jspf -->
                            </a>
                        </p>
                                
</div>

                    <div class="ThumbnailRoundel">
                    <!--ThumbnailRoundel --> 
                    </div>
                    <div class="promoBages">
                        <!-- PROMOTION -->
                    </div>


                    <!-- Review --><!-- BEGIN CatalogEntryRatingsReviewsInfo.jspf --><!-- productAllowedRatingsAndReviews: true -->
<div class="reviews">

    <a class="numberOfReviews" href="https://www.sainsburys.co.uk/shop/gb/groceries/product/details/batchelors-big-pasta-sauce-cheese-broccoli-85g">
        <img src="//www.sainsburys.co.uk/wcsstore7.137.2/SainsburysStorefrontAssetStore/img/stars/rating-4_2.gif" alt="4.1638" border="0">&nbsp; 
        Reviews (116)
    </a>

</div>
<!-- END CatalogEntryRatingsReviewsInfo.jspf -->
                </div>
                <!--ThumbnailRestriction -->
            </div>
            
            <div class="addToTrolleytabBox">
            <!-- addToTrolleytabBox LIST VIEW--><!-- Start UserSubscribedOrNot.jspf --><!-- Start UserSubscribedOrNot.jsp --><!-- 
    If the user is not logged in, render this opening 
    DIV adding an addtional class to fix the border top which is removed 
    and replaced by the tabs
-->
<div class="addToTrolleytabContainer addItemBorderTop">
<!-- End AddToSubscriptionList.jsp --><!-- End AddSubscriptionList.jspf --><!-- 
                    ATTENTION!!!
                    <div class="addToTrolleytabContainer">
                    This opening div is inside "../../ReusableObjects/UserSubscribedOrNot.jsp"
                    -->
                <div class="pricingAndTrolleyOptions">  
                    <div class="priceTab activeContainer priceTabContainer" id="addItem_1379751"> 
                        <div class="pricing">
                            
<p class="pricePerUnit">
Â£1.20 
</p>

<p class="pricePerMeasure">Â£14.12<abbr title="per">/</abbr><abbr title="kilogram"><span class="pricePerMeasureMeasure">kg</span></abbr>
</p>

                                
                        </div>  
                          
                                    <div class="addToTrolleyForm ">   
                                        <!-- BEGIN AddToTrolley.jsp --><!-- fire an on add to bag here from  -->

<form class="addToTrolleyForm" name="OrderItemAddForm_1379750" action="OrderItemAdd" method="post" id="OrderItemAddForm_1379750">
    <input type="hidden" name="storeId" value="10151">
    <input type="hidden" name="langId" value="44">
    <input type="hidden" name="catalogId" value="10241">
    <input type="hidden" name="authToken" id="authToken1379750" value="-1002%2C3jIiHU%2F3lFc4jalpGDAhYOztAdQ%3D">
    
    
    <input type="hidden" name="errorViewName" value="PromotionDisplayView">
    <input type="hidden" name="SKU_ID" value="8046912">
    <input type="hidden" name="itemType" value="">
    <input type="hidden" name="parentSKU" value="">
    
    
       <input type="hidden" id="productCatentryId_1379751" value="1379750">
       <input type="hidden" id="catEntryId_1379750" value="1379751">
       <input type="hidden" name="ItemSKU_ID" value="8046912">
     
        
        <div class="quantity hidden" id="updateQtyPanelProduct_1379750" data-qty="">
            <ul>
                <li>
                    <a class="button decreaseQty " id="decreaseQty_1379750" href="#">-</a> 
                </li>
                <li>	
                    <label class="access" for="quantity_1379750">Quantity</label>						
                    <a href="#" class="button quantityPlp  " id="quantityUpdate_1379750">
                        </a>
                    <input name="quantity" id="quantity_1379750" type="hidden" size="3" value="" class="quantity">		        
                </li>
                <li>
                    
                    <a class="button increaseQty " id="increaseQty_1379750" href="#">+</a>
                </li>
            </ul>
        </div>				
            
        
            <input type="hidden" name="catEntryId" value="1379751">
        

        <input type="hidden" name="productId" value="1379750">
        

    <input type="hidden" name="URL" value="https://www.sainsburys.co.uk/webapp/wcs/stores/servlet/PromotionDisplayView?listId=2&amp;catalogId=10241&amp;productId=1117540&amp;langId=44&amp;storeId=10151&amp;promotionId=10669742">
    <input type="hidden" name="page" value="">
    <input type="hidden" name="contractId" value="">
    <input type="hidden" name="calculateOrder" value="1">
    <input type="hidden" name="calculationUsage" value="-1,-2,-3">
    <input type="hidden" name="updateable" value="1">
    <input type="hidden" name="merge" value="***">

                                  
            <input type="hidden" id="updateUrl_1379750" updateurlchild_1379751="AjaxOrderItemUpdate?calculateOrder=1&amp;itemType=&amp;ordItemUpdateFlag=0&amp;orderId=.&amp;updatePrices=1&amp;authToken=-1002%252C3jIiHU%252F3lFc4jalpGDAhYOztAdQ%253D&amp;calculationUsage=-1,-2,-3&amp;storeId=10151&amp;errorViewName=AjaxQuickCartDisplay&amp;URL=AjaxQuickCartDisplay&amp;catEntryId=1379751&amp;orderItemId_0=&amp;UOM_0=&amp;langId=44&amp;quantity_0=1">
            <input type="hidden" id="removeUrl_1379750" removeurlchild_1379751="AjaxOrderItemUpdate?calculateOrder=1&amp;itemType=&amp;productId=&amp;ordItemUpdateFlag=2&amp;orderId=.&amp;updatePrices=1&amp;authToken=-1002%252C3jIiHU%252F3lFc4jalpGDAhYOztAdQ%253D&amp;calculationUsage=-1,-2,-3&amp;storeId=10151&amp;errorViewName=AjaxQuickCartDisplay&amp;URL=AjaxQuickCartDisplay&amp;catEntryId=1379751&amp;productSKU=&amp;orderItemId_0=&amp;qtyDecremented=true&amp;langId=44&amp;quantity_0=0">           
         
       <input type="hidden" name="callAjax" value="false">
       
    
    <div class="add2Cart " id="addQtyPanelProduct_1379750">    
        
            <a class="button process addQty  " id="addQty_1379750" href="#">
                Add
            </a>

            <input type="hidden" name="Add" value="Add">
        
    </div>

</form>
<!-- END AddToTrolley.jsp -->
                                    </div>  
                                
                    </div><!-- END priceTabContainer Add container --><!-- Subscribe container --><!-- Start AddToSubscriptionList.jspf --><!-- Start AddToSubscriptionList.jsp --><!-- End AddToSubscriptionList.jsp --><!-- End AddToSubscriptionList.jspf --> 
                </div>  
            </div>  
        </div>
    </div>     
    </div> 
    <div id="additionalItems_1379751" class="additionalItems">
        <!-- BEGIN MerchandisingAssociationsDisplay.jsp --><!-- Start - JSP File Name:  MerchandisingAssociationsDisplay.jsp --><!-- END MerchandisingAssociationsDisplay.jsp -->  
    </div> 

<!-- END CatalogEntryThumbnailDisplay.jsp -->
                            </li>
                        
                            <li>
                                
                                                <div class="trolleySummary"><p class="saving">
                                                         <!-- %@ include file="../../include/PromotionStrapline.jspf"% -->
                                                </p></div>
                                            
                                                <div class="trolleySummary"><p class="saving">
                                                         <!-- %@ include file="../../include/PromotionStrapline.jspf"% -->
                                                </p></div>
                                            
                                                <div class="trolleySummary"><p class="saving">
                                                         <!-- %@ include file="../../include/PromotionStrapline.jspf"% -->
                                                </p></div>
                                            <!-- BEGIN CatalogEntryThumbnailDisplay.jsp -->
    <div class="product ">
        
        <div class="errorBanner hidden" id="error1435948"></div>
                        
        
        <div class="productInner">
            <div class="productInfoWrapper">
                <div class="productInfo">
                    
                            <h3>
                                <a href="https://www.sainsburys.co.uk/shop/gb/groceries/product/details/sainsburys-apple-grape-130g">
                                    Sainsbury's Apple &amp; Grape 130g
                                    <img src="https://assets.sainsburys-groceries.co.uk/gol/8105838/image.jpg" alt="">
                                </a>
                            </h3>
                        
<div class="promotion">

                        <p>
                            <a strapline="Meal Deal for Â£5.00 | 8105838" href="https://www.sainsburys.co.uk/shop/PromotionDisplayView?listId=2&amp;catalogId=10241&amp;productId=1435948&amp;langId=44&amp;storeId=10151&amp;promotionId=10664136"><!-- BEGIN include/PromotionStrapline.jspf -->Meal Deal for Â£5.00<br>

<!-- FINISH include/PromotionStrapline.jspf -->
                            </a>
                        </p>
                    
                        <p>
                            <a strapline="Meal Deal for Â£3.75 | 8105838" href="https://www.sainsburys.co.uk/shop/PromotionDisplayView?listId=2&amp;catalogId=10241&amp;productId=1435948&amp;langId=44&amp;storeId=10151&amp;promotionId=10669742">PLUS <!-- BEGIN include/PromotionStrapline.jspf -->Meal Deal for Â£3.75<br>

<!-- FINISH include/PromotionStrapline.jspf -->
                            </a>
                        </p>
                                
</div>

                    <div class="ThumbnailRoundel">
                    <!--ThumbnailRoundel --> 
                    </div>
                    <div class="promoBages">
                        <!-- PROMOTION -->
                    </div>


                    <!-- Review --><!-- BEGIN CatalogEntryRatingsReviewsInfo.jspf --><!-- productAllowedRatingsAndReviews: true -->
<div class="reviews">

    <a class="numberOfReviews" href="https://www.sainsburys.co.uk/shop/gb/groceries/product/details/sainsburys-apple-grape-130g">
        <img src="//www.sainsburys.co.uk/wcsstore7.137.2/SainsburysStorefrontAssetStore/img/stars/rating-4_6.gif" alt="4.6" border="0">&nbsp; 
        Reviews (15)
    </a>

</div>
<!-- END CatalogEntryRatingsReviewsInfo.jspf -->
                </div>
                <!--ThumbnailRestriction -->
            </div>
            
            <div class="addToTrolleytabBox">
            <!-- addToTrolleytabBox LIST VIEW--><!-- Start UserSubscribedOrNot.jspf --><!-- Start UserSubscribedOrNot.jsp --><!-- 
    If the user is not logged in, render this opening 
    DIV adding an addtional class to fix the border top which is removed 
    and replaced by the tabs
-->
<div class="addToTrolleytabContainer addItemBorderTop">
<!-- End AddToSubscriptionList.jsp --><!-- End AddSubscriptionList.jspf --><!-- 
                    ATTENTION!!!
                    <div class="addToTrolleytabContainer">
                    This opening div is inside "../../ReusableObjects/UserSubscribedOrNot.jsp"
                    -->
                <div class="pricingAndTrolleyOptions">  
                    <div class="priceTab activeContainer priceTabContainer" id="addItem_1435949"> 
                        <div class="pricing">
                            
<p class="pricePerUnit">
Â£1.35 
</p>

<p class="pricePerMeasure">Â£10.38<abbr title="per">/</abbr><abbr title="kilogram"><span class="pricePerMeasureMeasure">kg</span></abbr>
</p>

                                
                        </div>  
                          
                                    <div class="addToTrolleyForm ">   
                                        <!-- BEGIN AddToTrolley.jsp --><!-- fire an on add to bag here from  -->

<form class="addToTrolleyForm" name="OrderItemAddForm_1435948" action="OrderItemAdd" method="post" id="OrderItemAddForm_1435948">
    <input type="hidden" name="storeId" value="10151">
    <input type="hidden" name="langId" value="44">
    <input type="hidden" name="catalogId" value="10241">
    <input type="hidden" name="authToken" id="authToken1435948" value="-1002%2C3jIiHU%2F3lFc4jalpGDAhYOztAdQ%3D">
    
    
    <input type="hidden" name="errorViewName" value="PromotionDisplayView">
    <input type="hidden" name="SKU_ID" value="8105838">
    <input type="hidden" name="itemType" value="">
    <input type="hidden" name="parentSKU" value="">
    
    
       <input type="hidden" id="productCatentryId_1435949" value="1435948">
       <input type="hidden" id="catEntryId_1435948" value="1435949">
       <input type="hidden" name="ItemSKU_ID" value="8105838">
     
        
        <div class="quantity hidden" id="updateQtyPanelProduct_1435948" data-qty="">
            <ul>
                <li>
                    <a class="button decreaseQty " id="decreaseQty_1435948" href="#">-</a> 
                </li>
                <li>	
                    <label class="access" for="quantity_1435948">Quantity</label>						
                    <a href="#" class="button quantityPlp  " id="quantityUpdate_1435948">
                        </a>
                    <input name="quantity" id="quantity_1435948" type="hidden" size="3" value="" class="quantity">		        
                </li>
                <li>
                    
                    <a class="button increaseQty " id="increaseQty_1435948" href="#">+</a>
                </li>
            </ul>
        </div>				
            
        
            <input type="hidden" name="catEntryId" value="1435949">
        

        <input type="hidden" name="productId" value="1435948">
        

    <input type="hidden" name="URL" value="https://www.sainsburys.co.uk/webapp/wcs/stores/servlet/PromotionDisplayView?listId=2&amp;catalogId=10241&amp;productId=1117540&amp;langId=44&amp;storeId=10151&amp;promotionId=10669742">
    <input type="hidden" name="page" value="">
    <input type="hidden" name="contractId" value="">
    <input type="hidden" name="calculateOrder" value="1">
    <input type="hidden" name="calculationUsage" value="-1,-2,-3">
    <input type="hidden" name="updateable" value="1">
    <input type="hidden" name="merge" value="***">

                                  
            <input type="hidden" id="updateUrl_1435948" updateurlchild_1435949="AjaxOrderItemUpdate?calculateOrder=1&amp;itemType=&amp;ordItemUpdateFlag=0&amp;orderId=.&amp;updatePrices=1&amp;authToken=-1002%252C3jIiHU%252F3lFc4jalpGDAhYOztAdQ%253D&amp;calculationUsage=-1,-2,-3&amp;storeId=10151&amp;errorViewName=AjaxQuickCartDisplay&amp;URL=AjaxQuickCartDisplay&amp;catEntryId=1435949&amp;orderItemId_0=&amp;UOM_0=&amp;langId=44&amp;quantity_0=1">
            <input type="hidden" id="removeUrl_1435948" removeurlchild_1435949="AjaxOrderItemUpdate?calculateOrder=1&amp;itemType=&amp;productId=&amp;ordItemUpdateFlag=2&amp;orderId=.&amp;updatePrices=1&amp;authToken=-1002%252C3jIiHU%252F3lFc4jalpGDAhYOztAdQ%253D&amp;calculationUsage=-1,-2,-3&amp;storeId=10151&amp;errorViewName=AjaxQuickCartDisplay&amp;URL=AjaxQuickCartDisplay&amp;catEntryId=1435949&amp;productSKU=&amp;orderItemId_0=&amp;qtyDecremented=true&amp;langId=44&amp;quantity_0=0">           
         
       <input type="hidden" name="callAjax" value="false">
       
    
    <div class="add2Cart " id="addQtyPanelProduct_1435948">    
        
            <a class="button process addQty  " id="addQty_1435948" href="#">
                Add
            </a>

            <input type="hidden" name="Add" value="Add">
        
    </div>

</form>
<!-- END AddToTrolley.jsp -->
                                    </div>  
                                
                    </div><!-- END priceTabContainer Add container --><!-- Subscribe container --><!-- Start AddToSubscriptionList.jspf --><!-- Start AddToSubscriptionList.jsp --><!-- End AddToSubscriptionList.jsp --><!-- End AddToSubscriptionList.jspf --> 
                </div>  
            </div>  
        </div>
    </div>     
    </div> 
    <div id="additionalItems_1435949" class="additionalItems">
        <!-- BEGIN MerchandisingAssociationsDisplay.jsp --><!-- Start - JSP File Name:  MerchandisingAssociationsDisplay.jsp --><!-- END MerchandisingAssociationsDisplay.jsp -->  
    </div> 

<!-- END CatalogEntryThumbnailDisplay.jsp -->
                            </li>
                        
                            <li>
                                
                                                <div class="trolleySummary"><p class="saving">
                                                         <!-- %@ include file="../../include/PromotionStrapline.jspf"% -->
                                                </p></div>
                                            
                                                <div class="trolleySummary"><p class="saving">
                                                         <!-- %@ include file="../../include/PromotionStrapline.jspf"% -->
                                                </p></div>
                                            
                                                <div class="trolleySummary"><p class="saving">
                                                         <!-- %@ include file="../../include/PromotionStrapline.jspf"% -->
                                                </p></div>
                                            <!-- BEGIN CatalogEntryThumbnailDisplay.jsp -->
    <div class="product ">
        
        <div class="errorBanner hidden" id="error44700"></div>
                        
        
        <div class="productInner">
            <div class="productInfoWrapper">
                <div class="productInfo">
                    
                            <h3>
                                <a href="https://www.sainsburys.co.uk/shop/gb/groceries/product/details/galaxy-milk-46g">
                                    Galaxy Smooth Milk Chocolate Snack Bar Vegetarian 42g
                                    <img src="https://assets.sainsburys-groceries.co.uk/gol/6652803/image.jpg" alt="">
                                </a>
                            </h3>
                        
<div class="promotion">

                        <p>
                            <a strapline="Meal Deal for Â£5.00 | 6652803" href="https://www.sainsburys.co.uk/shop/PromotionDisplayView?listId=2&amp;catalogId=10241&amp;productId=44700&amp;langId=44&amp;storeId=10151&amp;promotionId=10664136"><!-- BEGIN include/PromotionStrapline.jspf -->Meal Deal for Â£5.00<br>

<!-- FINISH include/PromotionStrapline.jspf -->
                            </a>
                        </p>
                    
                        <p>
                            <a strapline="Meal Deal for Â£3.75 | 6652803" href="https://www.sainsburys.co.uk/shop/PromotionDisplayView?listId=2&amp;catalogId=10241&amp;productId=44700&amp;langId=44&amp;storeId=10151&amp;promotionId=10669742">PLUS <!-- BEGIN include/PromotionStrapline.jspf -->Meal Deal for Â£3.75<br>

<!-- FINISH include/PromotionStrapline.jspf -->
                            </a>
                        </p>
                                
</div>

                    <div class="ThumbnailRoundel">
                    <!--ThumbnailRoundel --> 
                    </div>
                    <div class="promoBages">
                        <!-- PROMOTION -->
                    </div>


                    <!-- Review --><!-- BEGIN CatalogEntryRatingsReviewsInfo.jspf --><!-- productAllowedRatingsAndReviews: true -->
<div class="reviews">

    <a class="numberOfReviews" href="https://www.sainsburys.co.uk/shop/gb/groceries/product/details/galaxy-milk-46g">
        <img src="//www.sainsburys.co.uk/wcsstore7.137.2/SainsburysStorefrontAssetStore/img/stars/rating-4_6.gif" alt="4.6304" border="0">&nbsp; 
        Reviews (46)
    </a>

</div>
<!-- END CatalogEntryRatingsReviewsInfo.jspf -->
                </div>
                <!--ThumbnailRestriction -->
            </div>
            
            <div class="addToTrolleytabBox">
            <!-- addToTrolleytabBox LIST VIEW--><!-- Start UserSubscribedOrNot.jspf --><!-- Start UserSubscribedOrNot.jsp --><!-- 
    If the user is not logged in, render this opening 
    DIV adding an addtional class to fix the border top which is removed 
    and replaced by the tabs
-->
<div class="addToTrolleytabContainer addItemBorderTop">
<!-- End AddToSubscriptionList.jsp --><!-- End AddSubscriptionList.jspf --><!-- 
                    ATTENTION!!!
                    <div class="addToTrolleytabContainer">
                    This opening div is inside "../../ReusableObjects/UserSubscribedOrNot.jsp"
                    -->
                <div class="pricingAndTrolleyOptions">  
                    <div class="priceTab activeContainer priceTabContainer" id="addItem_44701"> 
                        <div class="pricing">
                            
<p class="pricePerUnit">
95p 
</p>

<p class="pricePerMeasure">Â£2.26<abbr title="per">/</abbr>100<abbr title="gram"><span class="pricePerMeasureMeasure">g</span></abbr>
</p>

                                
                        </div>  
                          
                                    <div class="addToTrolleyForm ">   
                                        <!-- BEGIN AddToTrolley.jsp --><!-- fire an on add to bag here from  -->

<form class="addToTrolleyForm" name="OrderItemAddForm_44700" action="OrderItemAdd" method="post" id="OrderItemAddForm_44700">
    <input type="hidden" name="storeId" value="10151">
    <input type="hidden" name="langId" value="44">
    <input type="hidden" name="catalogId" value="10241">
    <input type="hidden" name="authToken" id="authToken44700" value="-1002%2C3jIiHU%2F3lFc4jalpGDAhYOztAdQ%3D">
    
    
    <input type="hidden" name="errorViewName" value="PromotionDisplayView">
    <input type="hidden" name="SKU_ID" value="6652803">
    <input type="hidden" name="itemType" value="">
    <input type="hidden" name="parentSKU" value="">
    
    
       <input type="hidden" id="productCatentryId_44701" value="44700">
       <input type="hidden" id="catEntryId_44700" value="44701">
       <input type="hidden" name="ItemSKU_ID" value="6652803">
     
        
        <div class="quantity hidden" id="updateQtyPanelProduct_44700" data-qty="">
            <ul>
                <li>
                    <a class="button decreaseQty " id="decreaseQty_44700" href="#">-</a> 
                </li>
                <li>	
                    <label class="access" for="quantity_44700">Quantity</label>						
                    <a href="#" class="button quantityPlp  " id="quantityUpdate_44700">
                        </a>
                    <input name="quantity" id="quantity_44700" type="hidden" size="3" value="" class="quantity">		        
                </li>
                <li>
                    
                    <a class="button increaseQty " id="increaseQty_44700" href="#">+</a>
                </li>
            </ul>
        </div>				
            
        
            <input type="hidden" name="catEntryId" value="44701">
        

        <input type="hidden" name="productId" value="44700">
        

    <input type="hidden" name="URL" value="https://www.sainsburys.co.uk/webapp/wcs/stores/servlet/PromotionDisplayView?listId=2&amp;catalogId=10241&amp;productId=1117540&amp;langId=44&amp;storeId=10151&amp;promotionId=10669742">
    <input type="hidden" name="page" value="">
    <input type="hidden" name="contractId" value="">
    <input type="hidden" name="calculateOrder" value="1">
    <input type="hidden" name="calculationUsage" value="-1,-2,-3">
    <input type="hidden" name="updateable" value="1">
    <input type="hidden" name="merge" value="***">

                                  
            <input type="hidden" id="updateUrl_44700" updateurlchild_44701="AjaxOrderItemUpdate?calculateOrder=1&amp;itemType=&amp;ordItemUpdateFlag=0&amp;orderId=.&amp;updatePrices=1&amp;authToken=-1002%252C3jIiHU%252F3lFc4jalpGDAhYOztAdQ%253D&amp;calculationUsage=-1,-2,-3&amp;storeId=10151&amp;errorViewName=AjaxQuickCartDisplay&amp;URL=AjaxQuickCartDisplay&amp;catEntryId=44701&amp;orderItemId_0=&amp;UOM_0=&amp;langId=44&amp;quantity_0=1">
            <input type="hidden" id="removeUrl_44700" removeurlchild_44701="AjaxOrderItemUpdate?calculateOrder=1&amp;itemType=&amp;productId=&amp;ordItemUpdateFlag=2&amp;orderId=.&amp;updatePrices=1&amp;authToken=-1002%252C3jIiHU%252F3lFc4jalpGDAhYOztAdQ%253D&amp;calculationUsage=-1,-2,-3&amp;storeId=10151&amp;errorViewName=AjaxQuickCartDisplay&amp;URL=AjaxQuickCartDisplay&amp;catEntryId=44701&amp;productSKU=&amp;orderItemId_0=&amp;qtyDecremented=true&amp;langId=44&amp;quantity_0=0">           
         
       <input type="hidden" name="callAjax" value="false">
       
    
    <div class="add2Cart " id="addQtyPanelProduct_44700">    
        
            <a class="button process addQty  " id="addQty_44700" href="#">
                Add
            </a>

            <input type="hidden" name="Add" value="Add">
        
    </div>

</form>
<!-- END AddToTrolley.jsp -->
                                    </div>  
                                
                    </div><!-- END priceTabContainer Add container --><!-- Subscribe container --><!-- Start AddToSubscriptionList.jspf --><!-- Start AddToSubscriptionList.jsp --><!-- End AddToSubscriptionList.jsp --><!-- End AddToSubscriptionList.jspf --> 
                </div>  
            </div>  
        </div>
    </div>     
    </div> 
    <div id="additionalItems_44701" class="additionalItems">
        <!-- BEGIN MerchandisingAssociationsDisplay.jsp --><!-- Start - JSP File Name:  MerchandisingAssociationsDisplay.jsp --><!-- END MerchandisingAssociationsDisplay.jsp -->  
    </div> 

<!-- END CatalogEntryThumbnailDisplay.jsp -->
                            </li>
                        
                            <li>
                                
                                                <div class="trolleySummary"><p class="saving">
                                                         <!-- %@ include file="../../include/PromotionStrapline.jspf"% -->
                                                </p></div>
                                            
                                                <div class="trolleySummary"><p class="saving">
                                                         <!-- %@ include file="../../include/PromotionStrapline.jspf"% -->
                                                </p></div>
                                            
                                                <div class="trolleySummary"><p class="saving">
                                                         <!-- %@ include file="../../include/PromotionStrapline.jspf"% -->
                                                </p></div>
                                            <!-- BEGIN CatalogEntryThumbnailDisplay.jsp -->
    <div class="product ">
        
        <div class="errorBanner hidden" id="error83532"></div>
                        
        
        <div class="productInner">
            <div class="productInfoWrapper">
                <div class="productInfo">
                    
                            <h3>
                                <a href="https://www.sainsburys.co.uk/shop/gb/groceries/product/details/mini-cheddars--original-50g">
                                    Jacob's Mini Cheddars Original Crisps 45g
                                    <img src="https://assets.sainsburys-groceries.co.uk/gol/3554562/image.jpg" alt="">
                                </a>
                            </h3>
                        
<div class="promotion">

                        <p>
                            <a strapline="Meal Deal for Â£5.00 | 3554562" href="https://www.sainsburys.co.uk/shop/PromotionDisplayView?listId=2&amp;catalogId=10241&amp;productId=83532&amp;langId=44&amp;storeId=10151&amp;promotionId=10664136"><!-- BEGIN include/PromotionStrapline.jspf -->Meal Deal for Â£5.00<br>

<!-- FINISH include/PromotionStrapline.jspf -->
                            </a>
                        </p>
                    
                        <p>
                            <a strapline="Meal Deal for Â£3.75 | 3554562" href="https://www.sainsburys.co.uk/shop/PromotionDisplayView?listId=2&amp;catalogId=10241&amp;productId=83532&amp;langId=44&amp;storeId=10151&amp;promotionId=10669742">PLUS <!-- BEGIN include/PromotionStrapline.jspf -->Meal Deal for Â£3.75<br>

<!-- FINISH include/PromotionStrapline.jspf -->
                            </a>
                        </p>
                                
</div>

                    <div class="ThumbnailRoundel">
                    <!--ThumbnailRoundel --> 
                    </div>
                    <div class="promoBages">
                        <!-- PROMOTION -->
                    </div>


                    <!-- Review --><!-- BEGIN CatalogEntryRatingsReviewsInfo.jspf --><!-- productAllowedRatingsAndReviews: true -->
<div class="reviews">

    <a class="numberOfReviews" href="https://www.sainsburys.co.uk/shop/gb/groceries/product/details/mini-cheddars--original-50g">
        <img src="//www.sainsburys.co.uk/wcsstore7.137.2/SainsburysStorefrontAssetStore/img/stars/rating-4_8.gif" alt="4.7737" border="0">&nbsp; 
        Reviews (190)
    </a>

</div>
<!-- END CatalogEntryRatingsReviewsInfo.jspf -->
                </div>
                <!--ThumbnailRestriction -->
            </div>
            
            <div class="addToTrolleytabBox">
            <!-- addToTrolleytabBox LIST VIEW--><!-- Start UserSubscribedOrNot.jspf --><!-- Start UserSubscribedOrNot.jsp --><!-- 
    If the user is not logged in, render this opening 
    DIV adding an addtional class to fix the border top which is removed 
    and replaced by the tabs
-->
<div class="addToTrolleytabContainer addItemBorderTop">
<!-- End AddToSubscriptionList.jsp --><!-- End AddSubscriptionList.jspf --><!-- 
                    ATTENTION!!!
                    <div class="addToTrolleytabContainer">
                    This opening div is inside "../../ReusableObjects/UserSubscribedOrNot.jsp"
                    -->
                <div class="pricingAndTrolleyOptions">  
                    <div class="priceTab activeContainer priceTabContainer" id="addItem_83533"> 
                        <div class="pricing">
                            
<p class="pricePerUnit">
Â£1.00 
</p>

<p class="pricePerMeasure">Â£2.22<abbr title="per">/</abbr>100<abbr title="gram"><span class="pricePerMeasureMeasure">g</span></abbr>
</p>

                                
                        </div>  
                          
                                    <div class="addToTrolleyForm ">   
                                        <!-- BEGIN AddToTrolley.jsp --><!-- fire an on add to bag here from  -->

<form class="addToTrolleyForm" name="OrderItemAddForm_83532" action="OrderItemAdd" method="post" id="OrderItemAddForm_83532">
    <input type="hidden" name="storeId" value="10151">
    <input type="hidden" name="langId" value="44">
    <input type="hidden" name="catalogId" value="10241">
    <input type="hidden" name="authToken" id="authToken83532" value="-1002%2C3jIiHU%2F3lFc4jalpGDAhYOztAdQ%3D">
    
    
    <input type="hidden" name="errorViewName" value="PromotionDisplayView">
    <input type="hidden" name="SKU_ID" value="3554562">
    <input type="hidden" name="itemType" value="">
    <input type="hidden" name="parentSKU" value="">
    
    
       <input type="hidden" id="productCatentryId_83533" value="83532">
       <input type="hidden" id="catEntryId_83532" value="83533">
       <input type="hidden" name="ItemSKU_ID" value="3554562">
     
        
        <div class="quantity hidden" id="updateQtyPanelProduct_83532" data-qty="">
            <ul>
                <li>
                    <a class="button decreaseQty " id="decreaseQty_83532" href="#">-</a> 
                </li>
                <li>	
                    <label class="access" for="quantity_83532">Quantity</label>						
                    <a href="#" class="button quantityPlp  " id="quantityUpdate_83532">
                        </a>
                    <input name="quantity" id="quantity_83532" type="hidden" size="3" value="" class="quantity">		        
                </li>
                <li>
                    
                    <a class="button increaseQty " id="increaseQty_83532" href="#">+</a>
                </li>
            </ul>
        </div>				
            
        
            <input type="hidden" name="catEntryId" value="83533">
        

        <input type="hidden" name="productId" value="83532">
        

    <input type="hidden" name="URL" value="https://www.sainsburys.co.uk/webapp/wcs/stores/servlet/PromotionDisplayView?listId=2&amp;catalogId=10241&amp;productId=1117540&amp;langId=44&amp;storeId=10151&amp;promotionId=10669742">
    <input type="hidden" name="page" value="">
    <input type="hidden" name="contractId" value="">
    <input type="hidden" name="calculateOrder" value="1">
    <input type="hidden" name="calculationUsage" value="-1,-2,-3">
    <input type="hidden" name="updateable" value="1">
    <input type="hidden" name="merge" value="***">

                                  
            <input type="hidden" id="updateUrl_83532" updateurlchild_83533="AjaxOrderItemUpdate?calculateOrder=1&amp;itemType=&amp;ordItemUpdateFlag=0&amp;orderId=.&amp;updatePrices=1&amp;authToken=-1002%252C3jIiHU%252F3lFc4jalpGDAhYOztAdQ%253D&amp;calculationUsage=-1,-2,-3&amp;storeId=10151&amp;errorViewName=AjaxQuickCartDisplay&amp;URL=AjaxQuickCartDisplay&amp;catEntryId=83533&amp;orderItemId_0=&amp;UOM_0=&amp;langId=44&amp;quantity_0=1">
            <input type="hidden" id="removeUrl_83532" removeurlchild_83533="AjaxOrderItemUpdate?calculateOrder=1&amp;itemType=&amp;productId=&amp;ordItemUpdateFlag=2&amp;orderId=.&amp;updatePrices=1&amp;authToken=-1002%252C3jIiHU%252F3lFc4jalpGDAhYOztAdQ%253D&amp;calculationUsage=-1,-2,-3&amp;storeId=10151&amp;errorViewName=AjaxQuickCartDisplay&amp;URL=AjaxQuickCartDisplay&amp;catEntryId=83533&amp;productSKU=&amp;orderItemId_0=&amp;qtyDecremented=true&amp;langId=44&amp;quantity_0=0">           
         
       <input type="hidden" name="callAjax" value="false">
       
    
    <div class="add2Cart " id="addQtyPanelProduct_83532">    
        
            <a class="button process addQty  " id="addQty_83532" href="#">
                Add
            </a>

            <input type="hidden" name="Add" value="Add">
        
    </div>

</form>
<!-- END AddToTrolley.jsp -->
                                    </div>  
                                
                    </div><!-- END priceTabContainer Add container --><!-- Subscribe container --><!-- Start AddToSubscriptionList.jspf --><!-- Start AddToSubscriptionList.jsp --><!-- End AddToSubscriptionList.jsp --><!-- End AddToSubscriptionList.jspf --> 
                </div>  
            </div>  
        </div>
    </div>     
    </div> 
    <div id="additionalItems_83533" class="additionalItems">
        <!-- BEGIN MerchandisingAssociationsDisplay.jsp --><!-- Start - JSP File Name:  MerchandisingAssociationsDisplay.jsp --><!-- END MerchandisingAssociationsDisplay.jsp -->  
    </div> 

<!-- END CatalogEntryThumbnailDisplay.jsp -->
                            </li>
                        
                            <li>
                                
                                                <div class="trolleySummary"><p class="saving">
                                                         <!-- %@ include file="../../include/PromotionStrapline.jspf"% -->
                                                </p></div>
                                            
                                                <div class="trolleySummary"><p class="saving">
                                                         <!-- %@ include file="../../include/PromotionStrapline.jspf"% -->
                                                </p></div>
                                            
                                                <div class="trolleySummary"><p class="saving">
                                                         <!-- %@ include file="../../include/PromotionStrapline.jspf"% -->
                                                </p></div>
                                            <!-- BEGIN CatalogEntryThumbnailDisplay.jsp -->
    <div class="product ">
        
        <div class="errorBanner hidden" id="error1485526"></div>
                        
        
        <div class="productInner">
            <div class="productInfoWrapper">
                <div class="productInfo">
                    
                            <h3>
                                <a href="https://www.sainsburys.co.uk/shop/gb/groceries/product/details/serious-pig-snacking-pickles-40g">
                                    Serious Pig Snacking Pickles 40g
                                    <img src="https://assets.sainsburys-groceries.co.uk/gol/8069645/image.jpg" alt="">
                                </a>
                            </h3>
                        
<div class="promotion">

                        <p>
                            <a strapline="Only Â£1.35: Save 15p | 8069645" href="https://www.sainsburys.co.uk/shop/PromotionDisplayView?catalogId=10241&amp;productId=1485526&amp;langId=44&amp;storeId=10151&amp;promotionId=10663558"><!-- BEGIN include/PromotionStrapline.jspf -->Only Â£1.35: Save 15p<br>

<!-- FINISH include/PromotionStrapline.jspf -->
                            </a>
                        </p>
                    
                        <p>
                            <a strapline="Meal Deal for Â£5.00 | 8069645" href="https://www.sainsburys.co.uk/shop/PromotionDisplayView?listId=2&amp;catalogId=10241&amp;productId=1485526&amp;langId=44&amp;storeId=10151&amp;promotionId=10664136">PLUS <!-- BEGIN include/PromotionStrapline.jspf -->Meal Deal for Â£5.00<br>

<!-- FINISH include/PromotionStrapline.jspf -->
                            </a>
                        </p>
                    
                        <p>
                            <a strapline="Meal Deal for Â£3.75 | 8069645" href="https://www.sainsburys.co.uk/shop/PromotionDisplayView?listId=2&amp;catalogId=10241&amp;productId=1485526&amp;langId=44&amp;storeId=10151&amp;promotionId=10669742">PLUS <!-- BEGIN include/PromotionStrapline.jspf -->Meal Deal for Â£3.75<br>

<!-- FINISH include/PromotionStrapline.jspf -->
                            </a>
                        </p>
                                
</div>

                    <div class="ThumbnailRoundel">
                    <!--ThumbnailRoundel --> 
                    </div>
                    <div class="promoBages">
                        <!-- PROMOTION -->
                    </div>


                    <!-- Review --><!-- BEGIN CatalogEntryRatingsReviewsInfo.jspf --><!-- productAllowedRatingsAndReviews: true -->
<div class="reviews">

    <a class="numberOfReviews" href="https://www.sainsburys.co.uk/shop/gb/groceries/product/details/serious-pig-snacking-pickles-40g">
        <img src="//www.sainsburys.co.uk/wcsstore7.137.2/SainsburysStorefrontAssetStore/img/stars/rating-3_8.gif" alt="3.8235" border="0">&nbsp; 
        Reviews (17)
    </a>

</div>
<!-- END CatalogEntryRatingsReviewsInfo.jspf -->
                </div>
                <!--ThumbnailRestriction -->
            </div>
            
            <div class="addToTrolleytabBox">
            <!-- addToTrolleytabBox LIST VIEW--><!-- Start UserSubscribedOrNot.jspf --><!-- Start UserSubscribedOrNot.jsp --><!-- 
    If the user is not logged in, render this opening 
    DIV adding an addtional class to fix the border top which is removed 
    and replaced by the tabs
-->
<div class="addToTrolleytabContainer addItemBorderTop">
<!-- End AddToSubscriptionList.jsp --><!-- End AddSubscriptionList.jspf --><!-- 
                    ATTENTION!!!
                    <div class="addToTrolleytabContainer">
                    This opening div is inside "../../ReusableObjects/UserSubscribedOrNot.jsp"
                    -->
                <div class="pricingAndTrolleyOptions">  
                    <div class="priceTab activeContainer priceTabContainer" id="addItem_1485527"> 
                        <div class="pricing">
                            
<p class="pricePerUnit">
Â£1.35 
</p>

<p class="pricePerMeasure">Â£3.38<abbr title="per">/</abbr>100<abbr title="gram"><span class="pricePerMeasureMeasure">g</span></abbr>
</p>

                                
                        </div>  
                          
                                    <div class="addToTrolleyForm ">   
                                        <!-- BEGIN AddToTrolley.jsp --><!-- fire an on add to bag here from  -->

<form class="addToTrolleyForm" name="OrderItemAddForm_1485526" action="OrderItemAdd" method="post" id="OrderItemAddForm_1485526">
    <input type="hidden" name="storeId" value="10151">
    <input type="hidden" name="langId" value="44">
    <input type="hidden" name="catalogId" value="10241">
    <input type="hidden" name="authToken" id="authToken1485526" value="-1002%2C3jIiHU%2F3lFc4jalpGDAhYOztAdQ%3D">
    
    
    <input type="hidden" name="errorViewName" value="PromotionDisplayView">
    <input type="hidden" name="SKU_ID" value="8069645">
    <input type="hidden" name="itemType" value="">
    <input type="hidden" name="parentSKU" value="">
    
    
       <input type="hidden" id="productCatentryId_1485527" value="1485526">
       <input type="hidden" id="catEntryId_1485526" value="1485527">
       <input type="hidden" name="ItemSKU_ID" value="8069645">
     
        
        <div class="quantity hidden" id="updateQtyPanelProduct_1485526" data-qty="">
            <ul>
                <li>
                    <a class="button decreaseQty " id="decreaseQty_1485526" href="#">-</a> 
                </li>
                <li>	
                    <label class="access" for="quantity_1485526">Quantity</label>						
                    <a href="#" class="button quantityPlp  " id="quantityUpdate_1485526">
                        </a>
                    <input name="quantity" id="quantity_1485526" type="hidden" size="3" value="" class="quantity">		        
                </li>
                <li>
                    
                    <a class="button increaseQty " id="increaseQty_1485526" href="#">+</a>
                </li>
            </ul>
        </div>				
            
        
            <input type="hidden" name="catEntryId" value="1485527">
        

        <input type="hidden" name="productId" value="1485526">
        

    <input type="hidden" name="URL" value="https://www.sainsburys.co.uk/webapp/wcs/stores/servlet/PromotionDisplayView?listId=2&amp;catalogId=10241&amp;productId=1117540&amp;langId=44&amp;storeId=10151&amp;promotionId=10669742">
    <input type="hidden" name="page" value="">
    <input type="hidden" name="contractId" value="">
    <input type="hidden" name="calculateOrder" value="1">
    <input type="hidden" name="calculationUsage" value="-1,-2,-3">
    <input type="hidden" name="updateable" value="1">
    <input type="hidden" name="merge" value="***">

                                  
            <input type="hidden" id="updateUrl_1485526" updateurlchild_1485527="AjaxOrderItemUpdate?calculateOrder=1&amp;itemType=&amp;ordItemUpdateFlag=0&amp;orderId=.&amp;updatePrices=1&amp;authToken=-1002%252C3jIiHU%252F3lFc4jalpGDAhYOztAdQ%253D&amp;calculationUsage=-1,-2,-3&amp;storeId=10151&amp;errorViewName=AjaxQuickCartDisplay&amp;URL=AjaxQuickCartDisplay&amp;catEntryId=1485527&amp;orderItemId_0=&amp;UOM_0=&amp;langId=44&amp;quantity_0=1">
            <input type="hidden" id="removeUrl_1485526" removeurlchild_1485527="AjaxOrderItemUpdate?calculateOrder=1&amp;itemType=&amp;productId=&amp;ordItemUpdateFlag=2&amp;orderId=.&amp;updatePrices=1&amp;authToken=-1002%252C3jIiHU%252F3lFc4jalpGDAhYOztAdQ%253D&amp;calculationUsage=-1,-2,-3&amp;storeId=10151&amp;errorViewName=AjaxQuickCartDisplay&amp;URL=AjaxQuickCartDisplay&amp;catEntryId=1485527&amp;productSKU=&amp;orderItemId_0=&amp;qtyDecremented=true&amp;langId=44&amp;quantity_0=0">           
         
       <input type="hidden" name="callAjax" value="false">
       
    
    <div class="add2Cart " id="addQtyPanelProduct_1485526">    
        
            <a class="button process addQty  " id="addQty_1485526" href="#">
                Add
            </a>

            <input type="hidden" name="Add" value="Add">
        
    </div>

</form>
<!-- END AddToTrolley.jsp -->
                                    </div>  
                                
                    </div><!-- END priceTabContainer Add container --><!-- Subscribe container --><!-- Start AddToSubscriptionList.jspf --><!-- Start AddToSubscriptionList.jsp --><!-- End AddToSubscriptionList.jsp --><!-- End AddToSubscriptionList.jspf --> 
                </div>  
            </div>  
        </div>
    </div>     
    </div> 
    <div id="additionalItems_1485527" class="additionalItems">
        <!-- BEGIN MerchandisingAssociationsDisplay.jsp --><!-- Start - JSP File Name:  MerchandisingAssociationsDisplay.jsp --><!-- END MerchandisingAssociationsDisplay.jsp -->  
    </div> 

<!-- END CatalogEntryThumbnailDisplay.jsp -->
                            </li>
                        
                            <li>
                                
                                                <div class="trolleySummary"><p class="saving">
                                                         <!-- %@ include file="../../include/PromotionStrapline.jspf"% -->
                                                </p></div>
                                            
                                                <div class="trolleySummary"><p class="saving">
                                                         <!-- %@ include file="../../include/PromotionStrapline.jspf"% -->
                                                </p></div>
                                            
                                                <div class="trolleySummary"><p class="saving">
                                                         <!-- %@ include file="../../include/PromotionStrapline.jspf"% -->
                                                </p></div>
                                            <!-- BEGIN CatalogEntryThumbnailDisplay.jsp -->
    <div class="product ">
        
        <div class="errorBanner hidden" id="error51498"></div>
                        
        
        <div class="productInner">
            <div class="productInfoWrapper">
                <div class="productInfo">
                    
                            <h3>
                                <a href="https://www.sainsburys.co.uk/shop/gb/groceries/product/details/kinder-bueno-white-single-39g">
                                    Kinder Bueno White Chocolate &amp; Hazelnuts Bar 39g
                                    <img src="https://assets.sainsburys-groceries.co.uk/gol/7455488/image.jpg" alt="">
                                </a>
                            </h3>
                        
<div class="promotion">

                        <p>
                            <a strapline="Meal Deal for Â£5.00 | 7455488" href="https://www.sainsburys.co.uk/shop/PromotionDisplayView?listId=2&amp;catalogId=10241&amp;productId=51498&amp;langId=44&amp;storeId=10151&amp;promotionId=10664136"><!-- BEGIN include/PromotionStrapline.jspf -->Meal Deal for Â£5.00<br>

<!-- FINISH include/PromotionStrapline.jspf -->
                            </a>
                        </p>
                    
                        <p>
                            <a strapline="Meal Deal for Â£3.75 | 7455488" href="https://www.sainsburys.co.uk/shop/PromotionDisplayView?listId=2&amp;catalogId=10241&amp;productId=51498&amp;langId=44&amp;storeId=10151&amp;promotionId=10669742">PLUS <!-- BEGIN include/PromotionStrapline.jspf -->Meal Deal for Â£3.75<br>

<!-- FINISH include/PromotionStrapline.jspf -->
                            </a>
                        </p>
                                
</div>

                    <div class="ThumbnailRoundel">
                    <!--ThumbnailRoundel --> 
                    </div>
                    <div class="promoBages">
                        <!-- PROMOTION -->
                    </div>


                    <!-- Review --><!-- BEGIN CatalogEntryRatingsReviewsInfo.jspf --><!-- productAllowedRatingsAndReviews: true -->
<div class="reviews">

    <a class="numberOfReviews" href="https://www.sainsburys.co.uk/shop/gb/groceries/product/details/kinder-bueno-white-single-39g">
        <img src="//www.sainsburys.co.uk/wcsstore7.137.2/SainsburysStorefrontAssetStore/img/stars/rating-4_8.gif" alt="4.8478" border="0">&nbsp; 
        Reviews (46)
    </a>

</div>
<!-- END CatalogEntryRatingsReviewsInfo.jspf -->
                </div>
                <!--ThumbnailRestriction -->
            </div>
            
            <div class="addToTrolleytabBox">
            <!-- addToTrolleytabBox LIST VIEW--><!-- Start UserSubscribedOrNot.jspf --><!-- Start UserSubscribedOrNot.jsp --><!-- 
    If the user is not logged in, render this opening 
    DIV adding an addtional class to fix the border top which is removed 
    and replaced by the tabs
-->
<div class="addToTrolleytabContainer addItemBorderTop">
<!-- End AddToSubscriptionList.jsp --><!-- End AddSubscriptionList.jspf --><!-- 
                    ATTENTION!!!
                    <div class="addToTrolleytabContainer">
                    This opening div is inside "../../ReusableObjects/UserSubscribedOrNot.jsp"
                    -->
                <div class="pricingAndTrolleyOptions">  
                    <div class="priceTab activeContainer priceTabContainer" id="addItem_51499"> 
                        <div class="pricing">
                            
<p class="pricePerUnit">
Â£1.00 
</p>

<p class="pricePerMeasure">Â£2.56<abbr title="per">/</abbr>100<abbr title="gram"><span class="pricePerMeasureMeasure">g</span></abbr>
</p>

                                
                        </div>  
                          
                                    <div class="addToTrolleyForm ">   
                                        <!-- BEGIN AddToTrolley.jsp --><!-- fire an on add to bag here from  -->

<form class="addToTrolleyForm" name="OrderItemAddForm_51498" action="OrderItemAdd" method="post" id="OrderItemAddForm_51498">
    <input type="hidden" name="storeId" value="10151">
    <input type="hidden" name="langId" value="44">
    <input type="hidden" name="catalogId" value="10241">
    <input type="hidden" name="authToken" id="authToken51498" value="-1002%2C3jIiHU%2F3lFc4jalpGDAhYOztAdQ%3D">
    
    
    <input type="hidden" name="errorViewName" value="PromotionDisplayView">
    <input type="hidden" name="SKU_ID" value="7455488">
    <input type="hidden" name="itemType" value="">
    <input type="hidden" name="parentSKU" value="">
    
    
       <input type="hidden" id="productCatentryId_51499" value="51498">
       <input type="hidden" id="catEntryId_51498" value="51499">
       <input type="hidden" name="ItemSKU_ID" value="7455488">
     
        
        <div class="quantity hidden" id="updateQtyPanelProduct_51498" data-qty="">
            <ul>
                <li>
                    <a class="button decreaseQty " id="decreaseQty_51498" href="#">-</a> 
                </li>
                <li>	
                    <label class="access" for="quantity_51498">Quantity</label>						
                    <a href="#" class="button quantityPlp  " id="quantityUpdate_51498">
                        </a>
                    <input name="quantity" id="quantity_51498" type="hidden" size="3" value="" class="quantity">		        
                </li>
                <li>
                    
                    <a class="button increaseQty " id="increaseQty_51498" href="#">+</a>
                </li>
            </ul>
        </div>				
            
        
            <input type="hidden" name="catEntryId" value="51499">
        

        <input type="hidden" name="productId" value="51498">
        

    <input type="hidden" name="URL" value="https://www.sainsburys.co.uk/webapp/wcs/stores/servlet/PromotionDisplayView?listId=2&amp;catalogId=10241&amp;productId=1117540&amp;langId=44&amp;storeId=10151&amp;promotionId=10669742">
    <input type="hidden" name="page" value="">
    <input type="hidden" name="contractId" value="">
    <input type="hidden" name="calculateOrder" value="1">
    <input type="hidden" name="calculationUsage" value="-1,-2,-3">
    <input type="hidden" name="updateable" value="1">
    <input type="hidden" name="merge" value="***">

                                  
            <input type="hidden" id="updateUrl_51498" updateurlchild_51499="AjaxOrderItemUpdate?calculateOrder=1&amp;itemType=&amp;ordItemUpdateFlag=0&amp;orderId=.&amp;updatePrices=1&amp;authToken=-1002%252C3jIiHU%252F3lFc4jalpGDAhYOztAdQ%253D&amp;calculationUsage=-1,-2,-3&amp;storeId=10151&amp;errorViewName=AjaxQuickCartDisplay&amp;URL=AjaxQuickCartDisplay&amp;catEntryId=51499&amp;orderItemId_0=&amp;UOM_0=&amp;langId=44&amp;quantity_0=1">
            <input type="hidden" id="removeUrl_51498" removeurlchild_51499="AjaxOrderItemUpdate?calculateOrder=1&amp;itemType=&amp;productId=&amp;ordItemUpdateFlag=2&amp;orderId=.&amp;updatePrices=1&amp;authToken=-1002%252C3jIiHU%252F3lFc4jalpGDAhYOztAdQ%253D&amp;calculationUsage=-1,-2,-3&amp;storeId=10151&amp;errorViewName=AjaxQuickCartDisplay&amp;URL=AjaxQuickCartDisplay&amp;catEntryId=51499&amp;productSKU=&amp;orderItemId_0=&amp;qtyDecremented=true&amp;langId=44&amp;quantity_0=0">           
         
       <input type="hidden" name="callAjax" value="false">
       
    
    <div class="add2Cart " id="addQtyPanelProduct_51498">    
        
            <a class="button process addQty  " id="addQty_51498" href="#">
                Add
            </a>

            <input type="hidden" name="Add" value="Add">
        
    </div>

</form>
<!-- END AddToTrolley.jsp -->
                                    </div>  
                                
                    </div><!-- END priceTabContainer Add container --><!-- Subscribe container --><!-- Start AddToSubscriptionList.jspf --><!-- Start AddToSubscriptionList.jsp --><!-- End AddToSubscriptionList.jsp --><!-- End AddToSubscriptionList.jspf --> 
                </div>  
            </div>  
        </div>
    </div>     
    </div> 
    <div id="additionalItems_51499" class="additionalItems">
        <!-- BEGIN MerchandisingAssociationsDisplay.jsp --><!-- Start - JSP File Name:  MerchandisingAssociationsDisplay.jsp --><!-- END MerchandisingAssociationsDisplay.jsp -->  
    </div> 

<!-- END CatalogEntryThumbnailDisplay.jsp -->
                            </li>
                        
                            <li>
                                
                                                <div class="trolleySummary"><p class="saving">
                                                         <!-- %@ include file="../../include/PromotionStrapline.jspf"% -->
                                                </p></div>
                                            
                                                <div class="trolleySummary"><p class="saving">
                                                         <!-- %@ include file="../../include/PromotionStrapline.jspf"% -->
                                                </p></div>
                                            
                                                <div class="trolleySummary"><p class="saving">
                                                         <!-- %@ include file="../../include/PromotionStrapline.jspf"% -->
                                                </p></div>
                                            <!-- BEGIN CatalogEntryThumbnailDisplay.jsp -->
    <div class="product ">
        
        <div class="errorBanner hidden" id="error93450"></div>
                        
        
        <div class="productInner">
            <div class="productInfoWrapper">
                <div class="productInfo">
                    
                            <h3>
                                <a href="https://www.sainsburys.co.uk/shop/gb/groceries/product/details/walkers-baked-cheese---onion-crisps-375g">
                                    Walkers Baked Cheese &amp; Onion Crisps Snacks 37.5g
                                    <img src="https://assets.sainsburys-groceries.co.uk/gol/6821961/image.jpg" alt="">
                                </a>
                            </h3>
                        
<div class="promotion">

                        <p>
                            <a strapline="Meal Deal for Â£5.00 | 6821961" href="https://www.sainsburys.co.uk/shop/PromotionDisplayView?listId=2&amp;catalogId=10241&amp;productId=93450&amp;langId=44&amp;storeId=10151&amp;promotionId=10664136"><!-- BEGIN include/PromotionStrapline.jspf -->Meal Deal for Â£5.00<br>

<!-- FINISH include/PromotionStrapline.jspf -->
                            </a>
                        </p>
                    
                        <p>
                            <a strapline="Meal Deal for Â£3.75 | 6821961" href="https://www.sainsburys.co.uk/shop/PromotionDisplayView?listId=2&amp;catalogId=10241&amp;productId=93450&amp;langId=44&amp;storeId=10151&amp;promotionId=10669742">PLUS <!-- BEGIN include/PromotionStrapline.jspf -->Meal Deal for Â£3.75<br>

<!-- FINISH include/PromotionStrapline.jspf -->
                            </a>
                        </p>
                                
</div>

                    <div class="ThumbnailRoundel">
                    <!--ThumbnailRoundel --> 
                    </div>
                    <div class="promoBages">
                        <!-- PROMOTION -->
                    </div>


                    <!-- Review --><!-- BEGIN CatalogEntryRatingsReviewsInfo.jspf --><!-- productAllowedRatingsAndReviews: true -->
<div class="reviews">

    <a class="numberOfReviews" href="https://www.sainsburys.co.uk/shop/gb/groceries/product/details/walkers-baked-cheese---onion-crisps-375g">
        <img src="//www.sainsburys.co.uk/wcsstore7.137.2/SainsburysStorefrontAssetStore/img/stars/rating-3_9.gif" alt="3.8571" border="0">&nbsp; 
        Reviews (21)
    </a>

</div>
<!-- END CatalogEntryRatingsReviewsInfo.jspf -->
                </div>
                <!--ThumbnailRestriction -->
            </div>
            
            <div class="addToTrolleytabBox">
            <!-- addToTrolleytabBox LIST VIEW--><!-- Start UserSubscribedOrNot.jspf --><!-- Start UserSubscribedOrNot.jsp --><!-- 
    If the user is not logged in, render this opening 
    DIV adding an addtional class to fix the border top which is removed 
    and replaced by the tabs
-->
<div class="addToTrolleytabContainer addItemBorderTop">
<!-- End AddToSubscriptionList.jsp --><!-- End AddSubscriptionList.jspf --><!-- 
                    ATTENTION!!!
                    <div class="addToTrolleytabContainer">
                    This opening div is inside "../../ReusableObjects/UserSubscribedOrNot.jsp"
                    -->
                <div class="pricingAndTrolleyOptions">  
                    <div class="priceTab activeContainer priceTabContainer" id="addItem_93451"> 
                        <div class="pricing">
                            
<p class="pricePerUnit">
Â£1.10 
</p>

<p class="pricePerMeasure">Â£2.93<abbr title="per">/</abbr>100<abbr title="gram"><span class="pricePerMeasureMeasure">g</span></abbr>
</p>

                                
                        </div>  
                          
                                    <div class="addToTrolleyForm ">   
                                        <!-- BEGIN AddToTrolley.jsp --><!-- fire an on add to bag here from  -->

<form class="addToTrolleyForm" name="OrderItemAddForm_93450" action="OrderItemAdd" method="post" id="OrderItemAddForm_93450">
    <input type="hidden" name="storeId" value="10151">
    <input type="hidden" name="langId" value="44">
    <input type="hidden" name="catalogId" value="10241">
    <input type="hidden" name="authToken" id="authToken93450" value="-1002%2C3jIiHU%2F3lFc4jalpGDAhYOztAdQ%3D">
    
    
    <input type="hidden" name="errorViewName" value="PromotionDisplayView">
    <input type="hidden" name="SKU_ID" value="6821961">
    <input type="hidden" name="itemType" value="">
    <input type="hidden" name="parentSKU" value="">
    
    
       <input type="hidden" id="productCatentryId_93451" value="93450">
       <input type="hidden" id="catEntryId_93450" value="93451">
       <input type="hidden" name="ItemSKU_ID" value="6821961">
     
        
        <div class="quantity hidden" id="updateQtyPanelProduct_93450" data-qty="">
            <ul>
                <li>
                    <a class="button decreaseQty " id="decreaseQty_93450" href="#">-</a> 
                </li>
                <li>	
                    <label class="access" for="quantity_93450">Quantity</label>						
                    <a href="#" class="button quantityPlp  " id="quantityUpdate_93450">
                        </a>
                    <input name="quantity" id="quantity_93450" type="hidden" size="3" value="" class="quantity">		        
                </li>
                <li>
                    
                    <a class="button increaseQty " id="increaseQty_93450" href="#">+</a>
                </li>
            </ul>
        </div>				
            
        
            <input type="hidden" name="catEntryId" value="93451">
        

        <input type="hidden" name="productId" value="93450">
        

    <input type="hidden" name="URL" value="https://www.sainsburys.co.uk/webapp/wcs/stores/servlet/PromotionDisplayView?listId=2&amp;catalogId=10241&amp;productId=1117540&amp;langId=44&amp;storeId=10151&amp;promotionId=10669742">
    <input type="hidden" name="page" value="">
    <input type="hidden" name="contractId" value="">
    <input type="hidden" name="calculateOrder" value="1">
    <input type="hidden" name="calculationUsage" value="-1,-2,-3">
    <input type="hidden" name="updateable" value="1">
    <input type="hidden" name="merge" value="***">

                                  
            <input type="hidden" id="updateUrl_93450" updateurlchild_93451="AjaxOrderItemUpdate?calculateOrder=1&amp;itemType=&amp;ordItemUpdateFlag=0&amp;orderId=.&amp;updatePrices=1&amp;authToken=-1002%252C3jIiHU%252F3lFc4jalpGDAhYOztAdQ%253D&amp;calculationUsage=-1,-2,-3&amp;storeId=10151&amp;errorViewName=AjaxQuickCartDisplay&amp;URL=AjaxQuickCartDisplay&amp;catEntryId=93451&amp;orderItemId_0=&amp;UOM_0=&amp;langId=44&amp;quantity_0=1">
            <input type="hidden" id="removeUrl_93450" removeurlchild_93451="AjaxOrderItemUpdate?calculateOrder=1&amp;itemType=&amp;productId=&amp;ordItemUpdateFlag=2&amp;orderId=.&amp;updatePrices=1&amp;authToken=-1002%252C3jIiHU%252F3lFc4jalpGDAhYOztAdQ%253D&amp;calculationUsage=-1,-2,-3&amp;storeId=10151&amp;errorViewName=AjaxQuickCartDisplay&amp;URL=AjaxQuickCartDisplay&amp;catEntryId=93451&amp;productSKU=&amp;orderItemId_0=&amp;qtyDecremented=true&amp;langId=44&amp;quantity_0=0">           
         
       <input type="hidden" name="callAjax" value="false">
       
    
    <div class="add2Cart " id="addQtyPanelProduct_93450">    
        
            <a class="button process addQty  " id="addQty_93450" href="#">
                Add
            </a>

            <input type="hidden" name="Add" value="Add">
        
    </div>

</form>
<!-- END AddToTrolley.jsp -->
                                    </div>  
                                
                    </div><!-- END priceTabContainer Add container --><!-- Subscribe container --><!-- Start AddToSubscriptionList.jspf --><!-- Start AddToSubscriptionList.jsp --><!-- End AddToSubscriptionList.jsp --><!-- End AddToSubscriptionList.jspf --> 
                </div>  
            </div>  
        </div>
    </div>     
    </div> 
    <div id="additionalItems_93451" class="additionalItems">
        <!-- BEGIN MerchandisingAssociationsDisplay.jsp --><!-- Start - JSP File Name:  MerchandisingAssociationsDisplay.jsp --><!-- END MerchandisingAssociationsDisplay.jsp -->  
    </div> 

<!-- END CatalogEntryThumbnailDisplay.jsp -->
                            </li>
                        
                            <li>
                                
                                                <div class="trolleySummary"><p class="saving">
                                                         <!-- %@ include file="../../include/PromotionStrapline.jspf"% -->
                                                </p></div>
                                            
                                                <div class="trolleySummary"><p class="saving">
                                                         <!-- %@ include file="../../include/PromotionStrapline.jspf"% -->
                                                </p></div>
                                            
                                                <div class="trolleySummary"><p class="saving">
                                                         <!-- %@ include file="../../include/PromotionStrapline.jspf"% -->
                                                </p></div>
                                            <!-- BEGIN CatalogEntryThumbnailDisplay.jsp -->
    <div class="product ">
        
        <div class="errorBanner hidden" id="error1367232"></div>
                        
        
        <div class="productInner">
            <div class="productInfoWrapper">
                <div class="productInfo">
                    
                            <h3>
                                <a href="https://www.sainsburys.co.uk/shop/gb/groceries/product/details/trek-power-peanut-butter-crunch-protein-bar-55g">
                                    Trek Peanut Butter Crunch Power Protein Bar 55g
                                    <img src="https://assets.sainsburys-groceries.co.uk/gol/8033437/image.jpg" alt="">
                                </a>
                            </h3>
                        
<div class="promotion">

                        <p>
                            <a strapline="Meal Deal for Â£5.00 | 8033437" href="https://www.sainsburys.co.uk/shop/PromotionDisplayView?listId=2&amp;catalogId=10241&amp;productId=1367232&amp;langId=44&amp;storeId=10151&amp;promotionId=10664136"><!-- BEGIN include/PromotionStrapline.jspf -->Meal Deal for Â£5.00<br>

<!-- FINISH include/PromotionStrapline.jspf -->
                            </a>
                        </p>
                    
                        <p>
                            <a strapline="Meal Deal for Â£3.75 | 8033437" href="https://www.sainsburys.co.uk/shop/PromotionDisplayView?listId=2&amp;catalogId=10241&amp;productId=1367232&amp;langId=44&amp;storeId=10151&amp;promotionId=10669742">PLUS <!-- BEGIN include/PromotionStrapline.jspf -->Meal Deal for Â£3.75<br>

<!-- FINISH include/PromotionStrapline.jspf -->
                            </a>
                        </p>
                                
</div>

                    <div class="ThumbnailRoundel">
                    <!--ThumbnailRoundel --> 
                    </div>
                    <div class="promoBages">
                        <!-- PROMOTION -->
                    </div>


                    <!-- Review --><!-- BEGIN CatalogEntryRatingsReviewsInfo.jspf --><!-- productAllowedRatingsAndReviews: true -->
<div class="reviews">

    <a class="numberOfReviews repressive" href="http://reviews.sainsburys.co.uk//8076-en_gb/8033437-P/writereview.htm?submissionurl=https%3A%2F%2Fwww.sainsburys.co.uk%2Fwebapp%2Fwcs%2Fstores%2Fservlet%2FBVReviewSubmitDisplay%3FcatalogId%3D10241%26storeId%3D10151%26recipe%3D%26langId%3D44%26productId%3D8033437-P&amp;return=https%3A%2F%2Fwww.sainsburys.co.uk%2Fwebapp%2Fwcs%2Fstores%2Fservlet%2FPromotionDisplayView%3FlistId%3D2%26catalogId%3D10241%26productId%3D1117540%26langId%3D44%26storeId%3D10151%26promotionId%3D10669742">
Write a review
      </a>

</div>
<!-- END CatalogEntryRatingsReviewsInfo.jspf -->
                </div>
                <!--ThumbnailRestriction -->
            </div>
            
            <div class="addToTrolleytabBox">
            <!-- addToTrolleytabBox LIST VIEW--><!-- Start UserSubscribedOrNot.jspf --><!-- Start UserSubscribedOrNot.jsp --><!-- 
    If the user is not logged in, render this opening 
    DIV adding an addtional class to fix the border top which is removed 
    and replaced by the tabs
-->
<div class="addToTrolleytabContainer addItemBorderTop">
<!-- End AddToSubscriptionList.jsp --><!-- End AddSubscriptionList.jspf --><!-- 
                    ATTENTION!!!
                    <div class="addToTrolleytabContainer">
                    This opening div is inside "../../ReusableObjects/UserSubscribedOrNot.jsp"
                    -->
                <div class="pricingAndTrolleyOptions">  
                    <div class="priceTab activeContainer priceTabContainer" id="addItem_1367233"> 
                        <div class="pricing">
                            
<p class="pricePerUnit">
Â£1.95 
</p>

<p class="pricePerMeasure">Â£3.55<abbr title="per">/</abbr>100<abbr title="gram"><span class="pricePerMeasureMeasure">g</span></abbr>
</p>

                                
                        </div>  
                          
                                    <div class="addToTrolleyForm ">   
                                        <!-- BEGIN AddToTrolley.jsp --><!-- fire an on add to bag here from  -->

<form class="addToTrolleyForm" name="OrderItemAddForm_1367232" action="OrderItemAdd" method="post" id="OrderItemAddForm_1367232">
    <input type="hidden" name="storeId" value="10151">
    <input type="hidden" name="langId" value="44">
    <input type="hidden" name="catalogId" value="10241">
    <input type="hidden" name="authToken" id="authToken1367232" value="-1002%2C3jIiHU%2F3lFc4jalpGDAhYOztAdQ%3D">
    
    
    <input type="hidden" name="errorViewName" value="PromotionDisplayView">
    <input type="hidden" name="SKU_ID" value="8033437">
    <input type="hidden" name="itemType" value="">
    <input type="hidden" name="parentSKU" value="">
    
    
       <input type="hidden" id="productCatentryId_1367233" value="1367232">
       <input type="hidden" id="catEntryId_1367232" value="1367233">
       <input type="hidden" name="ItemSKU_ID" value="8033437">
     
        
        <div class="quantity hidden" id="updateQtyPanelProduct_1367232" data-qty="">
            <ul>
                <li>
                    <a class="button decreaseQty " id="decreaseQty_1367232" href="#">-</a> 
                </li>
                <li>	
                    <label class="access" for="quantity_1367232">Quantity</label>						
                    <a href="#" class="button quantityPlp  " id="quantityUpdate_1367232">
                        </a>
                    <input name="quantity" id="quantity_1367232" type="hidden" size="3" value="" class="quantity">		        
                </li>
                <li>
                    
                    <a class="button increaseQty " id="increaseQty_1367232" href="#">+</a>
                </li>
            </ul>
        </div>				
            
        
            <input type="hidden" name="catEntryId" value="1367233">
        

        <input type="hidden" name="productId" value="1367232">
        

    <input type="hidden" name="URL" value="https://www.sainsburys.co.uk/webapp/wcs/stores/servlet/PromotionDisplayView?listId=2&amp;catalogId=10241&amp;productId=1117540&amp;langId=44&amp;storeId=10151&amp;promotionId=10669742">
    <input type="hidden" name="page" value="">
    <input type="hidden" name="contractId" value="">
    <input type="hidden" name="calculateOrder" value="1">
    <input type="hidden" name="calculationUsage" value="-1,-2,-3">
    <input type="hidden" name="updateable" value="1">
    <input type="hidden" name="merge" value="***">

                                  
            <input type="hidden" id="updateUrl_1367232" updateurlchild_1367233="AjaxOrderItemUpdate?calculateOrder=1&amp;itemType=&amp;ordItemUpdateFlag=0&amp;orderId=.&amp;updatePrices=1&amp;authToken=-1002%252C3jIiHU%252F3lFc4jalpGDAhYOztAdQ%253D&amp;calculationUsage=-1,-2,-3&amp;storeId=10151&amp;errorViewName=AjaxQuickCartDisplay&amp;URL=AjaxQuickCartDisplay&amp;catEntryId=1367233&amp;orderItemId_0=&amp;UOM_0=&amp;langId=44&amp;quantity_0=1">
            <input type="hidden" id="removeUrl_1367232" removeurlchild_1367233="AjaxOrderItemUpdate?calculateOrder=1&amp;itemType=&amp;productId=&amp;ordItemUpdateFlag=2&amp;orderId=.&amp;updatePrices=1&amp;authToken=-1002%252C3jIiHU%252F3lFc4jalpGDAhYOztAdQ%253D&amp;calculationUsage=-1,-2,-3&amp;storeId=10151&amp;errorViewName=AjaxQuickCartDisplay&amp;URL=AjaxQuickCartDisplay&amp;catEntryId=1367233&amp;productSKU=&amp;orderItemId_0=&amp;qtyDecremented=true&amp;langId=44&amp;quantity_0=0">           
         
       <input type="hidden" name="callAjax" value="false">
       
    
    <div class="add2Cart " id="addQtyPanelProduct_1367232">    
        
            <a class="button process addQty  " id="addQty_1367232" href="#">
                Add
            </a>

            <input type="hidden" name="Add" value="Add">
        
    </div>

</form>
<!-- END AddToTrolley.jsp -->
                                    </div>  
                                
                    </div><!-- END priceTabContainer Add container --><!-- Subscribe container --><!-- Start AddToSubscriptionList.jspf --><!-- Start AddToSubscriptionList.jsp --><!-- End AddToSubscriptionList.jsp --><!-- End AddToSubscriptionList.jspf --> 
                </div>  
            </div>  
        </div>
    </div>     
    </div> 
    <div id="additionalItems_1367233" class="additionalItems">
        <!-- BEGIN MerchandisingAssociationsDisplay.jsp --><!-- Start - JSP File Name:  MerchandisingAssociationsDisplay.jsp --><!-- END MerchandisingAssociationsDisplay.jsp -->  
    </div> 

<!-- END CatalogEntryThumbnailDisplay.jsp -->
                            </li>
                        
                            <li>
                                
                                                <div class="trolleySummary"><p class="saving">
                                                         <!-- %@ include file="../../include/PromotionStrapline.jspf"% -->
                                                </p></div>
                                            
                                                <div class="trolleySummary"><p class="saving">
                                                         <!-- %@ include file="../../include/PromotionStrapline.jspf"% -->
                                                </p></div>
                                            
                                                <div class="trolleySummary"><p class="saving">
                                                         <!-- %@ include file="../../include/PromotionStrapline.jspf"% -->
                                                </p></div>
                                            <!-- BEGIN CatalogEntryThumbnailDisplay.jsp -->
    <div class="product ">
        
        <div class="errorBanner hidden" id="error1045898"></div>
                        
        
        <div class="productInner">
            <div class="productInfoWrapper">
                <div class="productInfo">
                    
                            <h3>
                                <a href="https://www.sainsburys.co.uk/shop/gb/groceries/product/details/sainsburys-on-the-go-fruit---nut-mix-25g">
                                    Sainsbury's On the Go Fruit &amp; Nut Mix 25g
                                    <img src="https://assets.sainsburys-groceries.co.uk/gol/7809046/image.jpg" alt="">
                                </a>
                            </h3>
                        
<div class="promotion">

                        <p>
                            <a strapline="Meal Deal for Â£5.00 | 7809046" href="https://www.sainsburys.co.uk/shop/PromotionDisplayView?listId=2&amp;catalogId=10241&amp;productId=1045898&amp;langId=44&amp;storeId=10151&amp;promotionId=10664136"><!-- BEGIN include/PromotionStrapline.jspf -->Meal Deal for Â£5.00<br>

<!-- FINISH include/PromotionStrapline.jspf -->
                            </a>
                        </p>
                    
                        <p>
                            <a strapline="Meal Deal for Â£3.75 | 7809046" href="https://www.sainsburys.co.uk/shop/PromotionDisplayView?listId=2&amp;catalogId=10241&amp;productId=1045898&amp;langId=44&amp;storeId=10151&amp;promotionId=10669742">PLUS <!-- BEGIN include/PromotionStrapline.jspf -->Meal Deal for Â£3.75<br>

<!-- FINISH include/PromotionStrapline.jspf -->
                            </a>
                        </p>
                                
</div>

                    <div class="ThumbnailRoundel">
                    <!--ThumbnailRoundel --> 
                    </div>
                    <div class="promoBages">
                        <!-- PROMOTION -->
                    </div>


                    <!-- Review --><!-- BEGIN CatalogEntryRatingsReviewsInfo.jspf --><!-- productAllowedRatingsAndReviews: true -->
<div class="reviews">

    <a class="numberOfReviews repressive" href="http://reviews.sainsburys.co.uk//8076-en_gb/7809046-P/writereview.htm?submissionurl=https%3A%2F%2Fwww.sainsburys.co.uk%2Fwebapp%2Fwcs%2Fstores%2Fservlet%2FBVReviewSubmitDisplay%3FcatalogId%3D10241%26storeId%3D10151%26recipe%3D%26langId%3D44%26productId%3D7809046-P&amp;return=https%3A%2F%2Fwww.sainsburys.co.uk%2Fwebapp%2Fwcs%2Fstores%2Fservlet%2FPromotionDisplayView%3FlistId%3D2%26catalogId%3D10241%26productId%3D1117540%26langId%3D44%26storeId%3D10151%26promotionId%3D10669742">
Write a review
      </a>

</div>
<!-- END CatalogEntryRatingsReviewsInfo.jspf -->
                </div>
                <!--ThumbnailRestriction -->
            </div>
            
            <div class="addToTrolleytabBox">
            <!-- addToTrolleytabBox LIST VIEW--><!-- Start UserSubscribedOrNot.jspf --><!-- Start UserSubscribedOrNot.jsp --><!-- 
    If the user is not logged in, render this opening 
    DIV adding an addtional class to fix the border top which is removed 
    and replaced by the tabs
-->
<div class="addToTrolleytabContainer addItemBorderTop">
<!-- End AddToSubscriptionList.jsp --><!-- End AddSubscriptionList.jspf --><!-- 
                    ATTENTION!!!
                    <div class="addToTrolleytabContainer">
                    This opening div is inside "../../ReusableObjects/UserSubscribedOrNot.jsp"
                    -->
                <div class="pricingAndTrolleyOptions">  
                    <div class="priceTab activeContainer priceTabContainer" id="addItem_1045899"> 
                        <div class="pricing">
                            
<p class="pricePerUnit">
80p 
</p>

<p class="pricePerMeasure">Â£3.20<abbr title="per">/</abbr>100<abbr title="gram"><span class="pricePerMeasureMeasure">g</span></abbr>
</p>

                                
                        </div>  
                          
                                    <div class="addToTrolleyForm ">   
                                        <!-- BEGIN AddToTrolley.jsp --><!-- fire an on add to bag here from  -->

<form class="addToTrolleyForm" name="OrderItemAddForm_1045898" action="OrderItemAdd" method="post" id="OrderItemAddForm_1045898">
    <input type="hidden" name="storeId" value="10151">
    <input type="hidden" name="langId" value="44">
    <input type="hidden" name="catalogId" value="10241">
    <input type="hidden" name="authToken" id="authToken1045898" value="-1002%2C3jIiHU%2F3lFc4jalpGDAhYOztAdQ%3D">
    
    
    <input type="hidden" name="errorViewName" value="PromotionDisplayView">
    <input type="hidden" name="SKU_ID" value="7809046">
    <input type="hidden" name="itemType" value="">
    <input type="hidden" name="parentSKU" value="">
    
    
       <input type="hidden" id="productCatentryId_1045899" value="1045898">
       <input type="hidden" id="catEntryId_1045898" value="1045899">
       <input type="hidden" name="ItemSKU_ID" value="7809046">
     
        
        <div class="quantity hidden" id="updateQtyPanelProduct_1045898" data-qty="">
            <ul>
                <li>
                    <a class="button decreaseQty " id="decreaseQty_1045898" href="#">-</a> 
                </li>
                <li>	
                    <label class="access" for="quantity_1045898">Quantity</label>						
                    <a href="#" class="button quantityPlp  " id="quantityUpdate_1045898">
                        </a>
                    <input name="quantity" id="quantity_1045898" type="hidden" size="3" value="" class="quantity">		        
                </li>
                <li>
                    
                    <a class="button increaseQty " id="increaseQty_1045898" href="#">+</a>
                </li>
            </ul>
        </div>				
            
        
            <input type="hidden" name="catEntryId" value="1045899">
        

        <input type="hidden" name="productId" value="1045898">
        

    <input type="hidden" name="URL" value="https://www.sainsburys.co.uk/webapp/wcs/stores/servlet/PromotionDisplayView?listId=2&amp;catalogId=10241&amp;productId=1117540&amp;langId=44&amp;storeId=10151&amp;promotionId=10669742">
    <input type="hidden" name="page" value="">
    <input type="hidden" name="contractId" value="">
    <input type="hidden" name="calculateOrder" value="1">
    <input type="hidden" name="calculationUsage" value="-1,-2,-3">
    <input type="hidden" name="updateable" value="1">
    <input type="hidden" name="merge" value="***">

                                  
            <input type="hidden" id="updateUrl_1045898" updateurlchild_1045899="AjaxOrderItemUpdate?calculateOrder=1&amp;itemType=&amp;ordItemUpdateFlag=0&amp;orderId=.&amp;updatePrices=1&amp;authToken=-1002%252C3jIiHU%252F3lFc4jalpGDAhYOztAdQ%253D&amp;calculationUsage=-1,-2,-3&amp;storeId=10151&amp;errorViewName=AjaxQuickCartDisplay&amp;URL=AjaxQuickCartDisplay&amp;catEntryId=1045899&amp;orderItemId_0=&amp;UOM_0=&amp;langId=44&amp;quantity_0=1">
            <input type="hidden" id="removeUrl_1045898" removeurlchild_1045899="AjaxOrderItemUpdate?calculateOrder=1&amp;itemType=&amp;productId=&amp;ordItemUpdateFlag=2&amp;orderId=.&amp;updatePrices=1&amp;authToken=-1002%252C3jIiHU%252F3lFc4jalpGDAhYOztAdQ%253D&amp;calculationUsage=-1,-2,-3&amp;storeId=10151&amp;errorViewName=AjaxQuickCartDisplay&amp;URL=AjaxQuickCartDisplay&amp;catEntryId=1045899&amp;productSKU=&amp;orderItemId_0=&amp;qtyDecremented=true&amp;langId=44&amp;quantity_0=0">           
         
       <input type="hidden" name="callAjax" value="false">
       
    
    <div class="add2Cart " id="addQtyPanelProduct_1045898">    
        
            <a class="button process addQty  " id="addQty_1045898" href="#">
                Add
            </a>

            <input type="hidden" name="Add" value="Add">
        
    </div>

</form>
<!-- END AddToTrolley.jsp -->
                                    </div>  
                                
                    </div><!-- END priceTabContainer Add container --><!-- Subscribe container --><!-- Start AddToSubscriptionList.jspf --><!-- Start AddToSubscriptionList.jsp --><!-- End AddToSubscriptionList.jsp --><!-- End AddToSubscriptionList.jspf --> 
                </div>  
            </div>  
        </div>
    </div>     
    </div> 
    <div id="additionalItems_1045899" class="additionalItems">
        <!-- BEGIN MerchandisingAssociationsDisplay.jsp --><!-- Start - JSP File Name:  MerchandisingAssociationsDisplay.jsp --><!-- END MerchandisingAssociationsDisplay.jsp -->  
    </div> 

<!-- END CatalogEntryThumbnailDisplay.jsp -->
                            </li>
                        
                            <li>
                                
                                                <div class="trolleySummary"><p class="saving">
                                                         <!-- %@ include file="../../include/PromotionStrapline.jspf"% -->
                                                </p></div>
                                            
                                                <div class="trolleySummary"><p class="saving">
                                                         <!-- %@ include file="../../include/PromotionStrapline.jspf"% -->
                                                </p></div>
                                            
                                                <div class="trolleySummary"><p class="saving">
                                                         <!-- %@ include file="../../include/PromotionStrapline.jspf"% -->
                                                </p></div>
                                            <!-- BEGIN CatalogEntryThumbnailDisplay.jsp -->
    <div class="product ">
        
        <div class="errorBanner hidden" id="error38834"></div>
                        
        
        <div class="productInner">
            <div class="productInfoWrapper">
                <div class="productInfo">
                    
                            <h3>
                                <a href="https://www.sainsburys.co.uk/shop/gb/groceries/product/details/galaxy-ripple-33g">
                                    Galaxy Ripple Milk Chocolate Snack Bar 33g
                                    <img src="https://assets.sainsburys-groceries.co.uk/gol/2566702/image.jpg" alt="">
                                </a>
                            </h3>
                        
<div class="promotion">

                        <p>
                            <a strapline="Meal Deal for Â£5.00 | 2566702" href="https://www.sainsburys.co.uk/shop/PromotionDisplayView?listId=2&amp;catalogId=10241&amp;productId=38834&amp;langId=44&amp;storeId=10151&amp;promotionId=10664136"><!-- BEGIN include/PromotionStrapline.jspf -->Meal Deal for Â£5.00<br>

<!-- FINISH include/PromotionStrapline.jspf -->
                            </a>
                        </p>
                    
                        <p>
                            <a strapline="Meal Deal for Â£3.75 | 2566702" href="https://www.sainsburys.co.uk/shop/PromotionDisplayView?listId=2&amp;catalogId=10241&amp;productId=38834&amp;langId=44&amp;storeId=10151&amp;promotionId=10669742">PLUS <!-- BEGIN include/PromotionStrapline.jspf -->Meal Deal for Â£3.75<br>

<!-- FINISH include/PromotionStrapline.jspf -->
                            </a>
                        </p>
                                
</div>

                    <div class="ThumbnailRoundel">
                    <!--ThumbnailRoundel --> 
                    </div>
                    <div class="promoBages">
                        <!-- PROMOTION -->
                    </div>


                    <!-- Review --><!-- BEGIN CatalogEntryRatingsReviewsInfo.jspf --><!-- productAllowedRatingsAndReviews: true -->
<div class="reviews">

    <a class="numberOfReviews" href="https://www.sainsburys.co.uk/shop/gb/groceries/product/details/galaxy-ripple-33g">
        <img src="//www.sainsburys.co.uk/wcsstore7.137.2/SainsburysStorefrontAssetStore/img/stars/rating-5_0.gif" alt="5.0" border="0">&nbsp; 
        Reviews (6)
    </a>

</div>
<!-- END CatalogEntryRatingsReviewsInfo.jspf -->
                </div>
                <!--ThumbnailRestriction -->
            </div>
            
            <div class="addToTrolleytabBox">
            <!-- addToTrolleytabBox LIST VIEW--><!-- Start UserSubscribedOrNot.jspf --><!-- Start UserSubscribedOrNot.jsp --><!-- 
    If the user is not logged in, render this opening 
    DIV adding an addtional class to fix the border top which is removed 
    and replaced by the tabs
-->
<div class="addToTrolleytabContainer addItemBorderTop">
<!-- End AddToSubscriptionList.jsp --><!-- End AddSubscriptionList.jspf --><!-- 
                    ATTENTION!!!
                    <div class="addToTrolleytabContainer">
                    This opening div is inside "../../ReusableObjects/UserSubscribedOrNot.jsp"
                    -->
                <div class="pricingAndTrolleyOptions">  
                    <div class="priceTab activeContainer priceTabContainer" id="addItem_38835"> 
                        <div class="pricing">
                            
<p class="pricePerUnit">
95p 
</p>

<p class="pricePerMeasure">Â£3.17<abbr title="per">/</abbr>100<abbr title="gram"><span class="pricePerMeasureMeasure">g</span></abbr>
</p>

                                
                        </div>  
                          
                                    <div class="addToTrolleyForm ">   
                                        <!-- BEGIN AddToTrolley.jsp --><!-- fire an on add to bag here from  -->

<form class="addToTrolleyForm" name="OrderItemAddForm_38834" action="OrderItemAdd" method="post" id="OrderItemAddForm_38834">
    <input type="hidden" name="storeId" value="10151">
    <input type="hidden" name="langId" value="44">
    <input type="hidden" name="catalogId" value="10241">
    <input type="hidden" name="authToken" id="authToken38834" value="-1002%2C3jIiHU%2F3lFc4jalpGDAhYOztAdQ%3D">
    
    
    <input type="hidden" name="errorViewName" value="PromotionDisplayView">
    <input type="hidden" name="SKU_ID" value="2566702">
    <input type="hidden" name="itemType" value="">
    <input type="hidden" name="parentSKU" value="">
    
    
       <input type="hidden" id="productCatentryId_38835" value="38834">
       <input type="hidden" id="catEntryId_38834" value="38835">
       <input type="hidden" name="ItemSKU_ID" value="2566702">
     
        
        <div class="quantity hidden" id="updateQtyPanelProduct_38834" data-qty="">
            <ul>
                <li>
                    <a class="button decreaseQty " id="decreaseQty_38834" href="#">-</a> 
                </li>
                <li>	
                    <label class="access" for="quantity_38834">Quantity</label>						
                    <a href="#" class="button quantityPlp  " id="quantityUpdate_38834">
                        </a>
                    <input name="quantity" id="quantity_38834" type="hidden" size="3" value="" class="quantity">		        
                </li>
                <li>
                    
                    <a class="button increaseQty " id="increaseQty_38834" href="#">+</a>
                </li>
            </ul>
        </div>				
            
        
            <input type="hidden" name="catEntryId" value="38835">
        

        <input type="hidden" name="productId" value="38834">
        

    <input type="hidden" name="URL" value="https://www.sainsburys.co.uk/webapp/wcs/stores/servlet/PromotionDisplayView?listId=2&amp;catalogId=10241&amp;productId=1117540&amp;langId=44&amp;storeId=10151&amp;promotionId=10669742">
    <input type="hidden" name="page" value="">
    <input type="hidden" name="contractId" value="">
    <input type="hidden" name="calculateOrder" value="1">
    <input type="hidden" name="calculationUsage" value="-1,-2,-3">
    <input type="hidden" name="updateable" value="1">
    <input type="hidden" name="merge" value="***">

                                  
            <input type="hidden" id="updateUrl_38834" updateurlchild_38835="AjaxOrderItemUpdate?calculateOrder=1&amp;itemType=&amp;ordItemUpdateFlag=0&amp;orderId=.&amp;updatePrices=1&amp;authToken=-1002%252C3jIiHU%252F3lFc4jalpGDAhYOztAdQ%253D&amp;calculationUsage=-1,-2,-3&amp;storeId=10151&amp;errorViewName=AjaxQuickCartDisplay&amp;URL=AjaxQuickCartDisplay&amp;catEntryId=38835&amp;orderItemId_0=&amp;UOM_0=&amp;langId=44&amp;quantity_0=1">
            <input type="hidden" id="removeUrl_38834" removeurlchild_38835="AjaxOrderItemUpdate?calculateOrder=1&amp;itemType=&amp;productId=&amp;ordItemUpdateFlag=2&amp;orderId=.&amp;updatePrices=1&amp;authToken=-1002%252C3jIiHU%252F3lFc4jalpGDAhYOztAdQ%253D&amp;calculationUsage=-1,-2,-3&amp;storeId=10151&amp;errorViewName=AjaxQuickCartDisplay&amp;URL=AjaxQuickCartDisplay&amp;catEntryId=38835&amp;productSKU=&amp;orderItemId_0=&amp;qtyDecremented=true&amp;langId=44&amp;quantity_0=0">           
         
       <input type="hidden" name="callAjax" value="false">
       
    
    <div class="add2Cart " id="addQtyPanelProduct_38834">    
        
            <a class="button process addQty  " id="addQty_38834" href="#">
                Add
            </a>

            <input type="hidden" name="Add" value="Add">
        
    </div>

</form>
<!-- END AddToTrolley.jsp -->
                                    </div>  
                                
                    </div><!-- END priceTabContainer Add container --><!-- Subscribe container --><!-- Start AddToSubscriptionList.jspf --><!-- Start AddToSubscriptionList.jsp --><!-- End AddToSubscriptionList.jsp --><!-- End AddToSubscriptionList.jspf --> 
                </div>  
            </div>  
        </div>
    </div>     
    </div> 
    <div id="additionalItems_38835" class="additionalItems">
        <!-- BEGIN MerchandisingAssociationsDisplay.jsp --><!-- Start - JSP File Name:  MerchandisingAssociationsDisplay.jsp --><!-- END MerchandisingAssociationsDisplay.jsp -->  
    </div> 

<!-- END CatalogEntryThumbnailDisplay.jsp -->
                            </li>
                        
                            <li>
                                
                                                <div class="trolleySummary"><p class="saving">
                                                         <!-- %@ include file="../../include/PromotionStrapline.jspf"% -->
                                                </p></div>
                                            
                                                <div class="trolleySummary"><p class="saving">
                                                         <!-- %@ include file="../../include/PromotionStrapline.jspf"% -->
                                                </p></div>
                                            
                                                <div class="trolleySummary"><p class="saving">
                                                         <!-- %@ include file="../../include/PromotionStrapline.jspf"% -->
                                                </p></div>
                                            <!-- BEGIN CatalogEntryThumbnailDisplay.jsp -->
    <div class="product ">
        
        <div class="errorBanner hidden" id="error1501564"></div>
                        
        
        <div class="productInner">
            <div class="productInfoWrapper">
                <div class="productInfo">
                    
                            <h3>
                                <a href="https://www.sainsburys.co.uk/shop/gb/groceries/product/details/taste-original-chicken-satay-skewers-sweet-chilli-dip-55g">
                                    Taste Original Chicken Satay Skewers &amp; Sweet Chilli Dip 55g
                                    <img src="https://assets.sainsburys-groceries.co.uk/gol/8168274/image.jpg" alt="">
                                </a>
                            </h3>
                        
<div class="promotion">

                        <p>
                            <a strapline="Meal Deal for Â£5.00 | 8168274" href="https://www.sainsburys.co.uk/shop/PromotionDisplayView?listId=2&amp;catalogId=10241&amp;productId=1501564&amp;langId=44&amp;storeId=10151&amp;promotionId=10664136"><!-- BEGIN include/PromotionStrapline.jspf -->Meal Deal for Â£5.00<br>

<!-- FINISH include/PromotionStrapline.jspf -->
                            </a>
                        </p>
                    
                        <p>
                            <a strapline="Meal Deal for Â£3.75 | 8168274" href="https://www.sainsburys.co.uk/shop/PromotionDisplayView?listId=2&amp;catalogId=10241&amp;productId=1501564&amp;langId=44&amp;storeId=10151&amp;promotionId=10669742">PLUS <!-- BEGIN include/PromotionStrapline.jspf -->Meal Deal for Â£3.75<br>

<!-- FINISH include/PromotionStrapline.jspf -->
                            </a>
                        </p>
                                
</div>

                    <div class="ThumbnailRoundel">
                    <!--ThumbnailRoundel --> 
                    </div>
                    <div class="promoBages">
                        <!-- PROMOTION -->
                    </div>


                    <!-- Review --><!-- BEGIN CatalogEntryRatingsReviewsInfo.jspf --><!-- productAllowedRatingsAndReviews: true -->
<div class="reviews">

    <a class="numberOfReviews" href="https://www.sainsburys.co.uk/shop/gb/groceries/product/details/taste-original-chicken-satay-skewers-sweet-chilli-dip-55g">
        <img src="//www.sainsburys.co.uk/wcsstore7.137.2/SainsburysStorefrontAssetStore/img/stars/rating-4_6.gif" alt="4.6429" border="0">&nbsp; 
        Reviews (14)
    </a>

</div>
<!-- END CatalogEntryRatingsReviewsInfo.jspf -->
                </div>
                <!--ThumbnailRestriction -->
            </div>
            
            <div class="addToTrolleytabBox">
            <!-- addToTrolleytabBox LIST VIEW--><!-- Start UserSubscribedOrNot.jspf --><!-- Start UserSubscribedOrNot.jsp --><!-- 
    If the user is not logged in, render this opening 
    DIV adding an addtional class to fix the border top which is removed 
    and replaced by the tabs
-->
<div class="addToTrolleytabContainer addItemBorderTop">
<!-- End AddToSubscriptionList.jsp --><!-- End AddSubscriptionList.jspf --><!-- 
                    ATTENTION!!!
                    <div class="addToTrolleytabContainer">
                    This opening div is inside "../../ReusableObjects/UserSubscribedOrNot.jsp"
                    -->
                <div class="pricingAndTrolleyOptions">  
                    <div class="priceTab activeContainer priceTabContainer" id="addItem_1501565"> 
                        <div class="pricing">
                            
<p class="pricePerUnit">
Â£1.75 
</p>

<p class="pricePerMeasure">Â£3.18<abbr title="per">/</abbr>100<abbr title="gram"><span class="pricePerMeasureMeasure">g</span></abbr>
</p>

                                
                        </div>  
                          
                                    <div class="addToTrolleyForm ">   
                                        <!-- BEGIN AddToTrolley.jsp --><!-- fire an on add to bag here from  -->

<form class="addToTrolleyForm" name="OrderItemAddForm_1501564" action="OrderItemAdd" method="post" id="OrderItemAddForm_1501564">
    <input type="hidden" name="storeId" value="10151">
    <input type="hidden" name="langId" value="44">
    <input type="hidden" name="catalogId" value="10241">
    <input type="hidden" name="authToken" id="authToken1501564" value="-1002%2C3jIiHU%2F3lFc4jalpGDAhYOztAdQ%3D">
    
    
    <input type="hidden" name="errorViewName" value="PromotionDisplayView">
    <input type="hidden" name="SKU_ID" value="8168274">
    <input type="hidden" name="itemType" value="">
    <input type="hidden" name="parentSKU" value="">
    
    
       <input type="hidden" id="productCatentryId_1501565" value="1501564">
       <input type="hidden" id="catEntryId_1501564" value="1501565">
       <input type="hidden" name="ItemSKU_ID" value="8168274">
     
        
        <div class="quantity hidden" id="updateQtyPanelProduct_1501564" data-qty="">
            <ul>
                <li>
                    <a class="button decreaseQty " id="decreaseQty_1501564" href="#">-</a> 
                </li>
                <li>	
                    <label class="access" for="quantity_1501564">Quantity</label>						
                    <a href="#" class="button quantityPlp  " id="quantityUpdate_1501564">
                        </a>
                    <input name="quantity" id="quantity_1501564" type="hidden" size="3" value="" class="quantity">		        
                </li>
                <li>
                    
                    <a class="button increaseQty " id="increaseQty_1501564" href="#">+</a>
                </li>
            </ul>
        </div>				
            
        
            <input type="hidden" name="catEntryId" value="1501565">
        

        <input type="hidden" name="productId" value="1501564">
        

    <input type="hidden" name="URL" value="https://www.sainsburys.co.uk/webapp/wcs/stores/servlet/PromotionDisplayView?listId=2&amp;catalogId=10241&amp;productId=1117540&amp;langId=44&amp;storeId=10151&amp;promotionId=10669742">
    <input type="hidden" name="page" value="">
    <input type="hidden" name="contractId" value="">
    <input type="hidden" name="calculateOrder" value="1">
    <input type="hidden" name="calculationUsage" value="-1,-2,-3">
    <input type="hidden" name="updateable" value="1">
    <input type="hidden" name="merge" value="***">

                                  
            <input type="hidden" id="updateUrl_1501564" updateurlchild_1501565="AjaxOrderItemUpdate?calculateOrder=1&amp;itemType=&amp;ordItemUpdateFlag=0&amp;orderId=.&amp;updatePrices=1&amp;authToken=-1002%252C3jIiHU%252F3lFc4jalpGDAhYOztAdQ%253D&amp;calculationUsage=-1,-2,-3&amp;storeId=10151&amp;errorViewName=AjaxQuickCartDisplay&amp;URL=AjaxQuickCartDisplay&amp;catEntryId=1501565&amp;orderItemId_0=&amp;UOM_0=&amp;langId=44&amp;quantity_0=1">
            <input type="hidden" id="removeUrl_1501564" removeurlchild_1501565="AjaxOrderItemUpdate?calculateOrder=1&amp;itemType=&amp;productId=&amp;ordItemUpdateFlag=2&amp;orderId=.&amp;updatePrices=1&amp;authToken=-1002%252C3jIiHU%252F3lFc4jalpGDAhYOztAdQ%253D&amp;calculationUsage=-1,-2,-3&amp;storeId=10151&amp;errorViewName=AjaxQuickCartDisplay&amp;URL=AjaxQuickCartDisplay&amp;catEntryId=1501565&amp;productSKU=&amp;orderItemId_0=&amp;qtyDecremented=true&amp;langId=44&amp;quantity_0=0">           
         
       <input type="hidden" name="callAjax" value="false">
       
    
    <div class="add2Cart " id="addQtyPanelProduct_1501564">    
        
            <a class="button process addQty  " id="addQty_1501564" href="#">
                Add
            </a>

            <input type="hidden" name="Add" value="Add">
        
    </div>

</form>
<!-- END AddToTrolley.jsp -->
                                    </div>  
                                
                    </div><!-- END priceTabContainer Add container --><!-- Subscribe container --><!-- Start AddToSubscriptionList.jspf --><!-- Start AddToSubscriptionList.jsp --><!-- End AddToSubscriptionList.jsp --><!-- End AddToSubscriptionList.jspf --> 
                </div>  
            </div>  
        </div>
    </div>     
    </div> 
    <div id="additionalItems_1501565" class="additionalItems">
        <!-- BEGIN MerchandisingAssociationsDisplay.jsp --><!-- Start - JSP File Name:  MerchandisingAssociationsDisplay.jsp --><!-- END MerchandisingAssociationsDisplay.jsp -->  
    </div> 

<!-- END CatalogEntryThumbnailDisplay.jsp -->
                            </li>
                        
                            <li>
                                
                                                <div class="trolleySummary"><p class="saving">
                                                         <!-- %@ include file="../../include/PromotionStrapline.jspf"% -->
                                                </p></div>
                                            
                                                <div class="trolleySummary"><p class="saving">
                                                         <!-- %@ include file="../../include/PromotionStrapline.jspf"% -->
                                                </p></div>
                                            
                                                <div class="trolleySummary"><p class="saving">
                                                         <!-- %@ include file="../../include/PromotionStrapline.jspf"% -->
                                                </p></div>
                                            <!-- BEGIN CatalogEntryThumbnailDisplay.jsp -->
    <div class="product ">
        
        <div class="errorBanner hidden" id="error93452"></div>
                        
        
        <div class="productInner">
            <div class="productInfoWrapper">
                <div class="productInfo">
                    
                            <h3>
                                <a href="https://www.sainsburys.co.uk/shop/gb/groceries/product/details/walkers-baked-ready-salted-crisps-375g">
                                    Walkers Baked Sea Salt Snacks Crisps 37.5g
                                    <img src="https://assets.sainsburys-groceries.co.uk/gol/6821965/image.jpg" alt="">
                                </a>
                            </h3>
                        
<div class="promotion">

                        <p>
                            <a strapline="Meal Deal for Â£5.00 | 6821965" href="https://www.sainsburys.co.uk/shop/PromotionDisplayView?listId=2&amp;catalogId=10241&amp;productId=93452&amp;langId=44&amp;storeId=10151&amp;promotionId=10664136"><!-- BEGIN include/PromotionStrapline.jspf -->Meal Deal for Â£5.00<br>

<!-- FINISH include/PromotionStrapline.jspf -->
                            </a>
                        </p>
                    
                        <p>
                            <a strapline="Meal Deal for Â£3.75 | 6821965" href="https://www.sainsburys.co.uk/shop/PromotionDisplayView?listId=2&amp;catalogId=10241&amp;productId=93452&amp;langId=44&amp;storeId=10151&amp;promotionId=10669742">PLUS <!-- BEGIN include/PromotionStrapline.jspf -->Meal Deal for Â£3.75<br>

<!-- FINISH include/PromotionStrapline.jspf -->
                            </a>
                        </p>
                                
</div>

                    <div class="ThumbnailRoundel">
                    <!--ThumbnailRoundel --> 
                    </div>
                    <div class="promoBages">
                        <!-- PROMOTION -->
                    </div>


                    <!-- Review --><!-- BEGIN CatalogEntryRatingsReviewsInfo.jspf --><!-- productAllowedRatingsAndReviews: true -->
<div class="reviews">

    <a class="numberOfReviews" href="https://www.sainsburys.co.uk/shop/gb/groceries/product/details/walkers-baked-ready-salted-crisps-375g">
        <img src="//www.sainsburys.co.uk/wcsstore7.137.2/SainsburysStorefrontAssetStore/img/stars/rating-3_9.gif" alt="3.8696" border="0">&nbsp; 
        Reviews (23)
    </a>

</div>
<!-- END CatalogEntryRatingsReviewsInfo.jspf -->
                </div>
                <!--ThumbnailRestriction -->
            </div>
            
            <div class="addToTrolleytabBox">
            <!-- addToTrolleytabBox LIST VIEW--><!-- Start UserSubscribedOrNot.jspf --><!-- Start UserSubscribedOrNot.jsp --><!-- 
    If the user is not logged in, render this opening 
    DIV adding an addtional class to fix the border top which is removed 
    and replaced by the tabs
-->
<div class="addToTrolleytabContainer addItemBorderTop">
<!-- End AddToSubscriptionList.jsp --><!-- End AddSubscriptionList.jspf --><!-- 
                    ATTENTION!!!
                    <div class="addToTrolleytabContainer">
                    This opening div is inside "../../ReusableObjects/UserSubscribedOrNot.jsp"
                    -->
                <div class="pricingAndTrolleyOptions">  
                    <div class="priceTab activeContainer priceTabContainer" id="addItem_93453"> 
                        <div class="pricing">
                            
<p class="pricePerUnit">
Â£1.10 
</p>

<p class="pricePerMeasure">Â£2.93<abbr title="per">/</abbr>100<abbr title="gram"><span class="pricePerMeasureMeasure">g</span></abbr>
</p>

                                
                        </div>  
                          
                                    <div class="addToTrolleyForm ">   
                                        <!-- BEGIN AddToTrolley.jsp --><!-- fire an on add to bag here from  -->

<form class="addToTrolleyForm" name="OrderItemAddForm_93452" action="OrderItemAdd" method="post" id="OrderItemAddForm_93452">
    <input type="hidden" name="storeId" value="10151">
    <input type="hidden" name="langId" value="44">
    <input type="hidden" name="catalogId" value="10241">
    <input type="hidden" name="authToken" id="authToken93452" value="-1002%2C3jIiHU%2F3lFc4jalpGDAhYOztAdQ%3D">
    
    
    <input type="hidden" name="errorViewName" value="PromotionDisplayView">
    <input type="hidden" name="SKU_ID" value="6821965">
    <input type="hidden" name="itemType" value="">
    <input type="hidden" name="parentSKU" value="">
    
    
       <input type="hidden" id="productCatentryId_93453" value="93452">
       <input type="hidden" id="catEntryId_93452" value="93453">
       <input type="hidden" name="ItemSKU_ID" value="6821965">
     
        
        <div class="quantity hidden" id="updateQtyPanelProduct_93452" data-qty="">
            <ul>
                <li>
                    <a class="button decreaseQty " id="decreaseQty_93452" href="#">-</a> 
                </li>
                <li>	
                    <label class="access" for="quantity_93452">Quantity</label>						
                    <a href="#" class="button quantityPlp  " id="quantityUpdate_93452">
                        </a>
                    <input name="quantity" id="quantity_93452" type="hidden" size="3" value="" class="quantity">		        
                </li>
                <li>
                    
                    <a class="button increaseQty " id="increaseQty_93452" href="#">+</a>
                </li>
            </ul>
        </div>				
            
        
            <input type="hidden" name="catEntryId" value="93453">
        

        <input type="hidden" name="productId" value="93452">
        

    <input type="hidden" name="URL" value="https://www.sainsburys.co.uk/webapp/wcs/stores/servlet/PromotionDisplayView?listId=2&amp;catalogId=10241&amp;productId=1117540&amp;langId=44&amp;storeId=10151&amp;promotionId=10669742">
    <input type="hidden" name="page" value="">
    <input type="hidden" name="contractId" value="">
    <input type="hidden" name="calculateOrder" value="1">
    <input type="hidden" name="calculationUsage" value="-1,-2,-3">
    <input type="hidden" name="updateable" value="1">
    <input type="hidden" name="merge" value="***">

                                  
            <input type="hidden" id="updateUrl_93452" updateurlchild_93453="AjaxOrderItemUpdate?calculateOrder=1&amp;itemType=&amp;ordItemUpdateFlag=0&amp;orderId=.&amp;updatePrices=1&amp;authToken=-1002%252C3jIiHU%252F3lFc4jalpGDAhYOztAdQ%253D&amp;calculationUsage=-1,-2,-3&amp;storeId=10151&amp;errorViewName=AjaxQuickCartDisplay&amp;URL=AjaxQuickCartDisplay&amp;catEntryId=93453&amp;orderItemId_0=&amp;UOM_0=&amp;langId=44&amp;quantity_0=1">
            <input type="hidden" id="removeUrl_93452" removeurlchild_93453="AjaxOrderItemUpdate?calculateOrder=1&amp;itemType=&amp;productId=&amp;ordItemUpdateFlag=2&amp;orderId=.&amp;updatePrices=1&amp;authToken=-1002%252C3jIiHU%252F3lFc4jalpGDAhYOztAdQ%253D&amp;calculationUsage=-1,-2,-3&amp;storeId=10151&amp;errorViewName=AjaxQuickCartDisplay&amp;URL=AjaxQuickCartDisplay&amp;catEntryId=93453&amp;productSKU=&amp;orderItemId_0=&amp;qtyDecremented=true&amp;langId=44&amp;quantity_0=0">           
         
       <input type="hidden" name="callAjax" value="false">
       
    
    <div class="add2Cart " id="addQtyPanelProduct_93452">    
        
            <a class="button process addQty  " id="addQty_93452" href="#">
                Add
            </a>

            <input type="hidden" name="Add" value="Add">
        
    </div>

</form>
<!-- END AddToTrolley.jsp -->
                                    </div>  
                                
                    </div><!-- END priceTabContainer Add container --><!-- Subscribe container --><!-- Start AddToSubscriptionList.jspf --><!-- Start AddToSubscriptionList.jsp --><!-- End AddToSubscriptionList.jsp --><!-- End AddToSubscriptionList.jspf --> 
                </div>  
            </div>  
        </div>
    </div>     
    </div> 
    <div id="additionalItems_93453" class="additionalItems">
        <!-- BEGIN MerchandisingAssociationsDisplay.jsp --><!-- Start - JSP File Name:  MerchandisingAssociationsDisplay.jsp --><!-- END MerchandisingAssociationsDisplay.jsp -->  
    </div> 

<!-- END CatalogEntryThumbnailDisplay.jsp -->
                            </li>
                        
                            <li>
                                
                                                <div class="trolleySummary"><p class="saving">
                                                         <!-- %@ include file="../../include/PromotionStrapline.jspf"% -->
                                                </p></div>
                                            
                                                <div class="trolleySummary"><p class="saving">
                                                         <!-- %@ include file="../../include/PromotionStrapline.jspf"% -->
                                                </p></div>
                                            
                                                <div class="trolleySummary"><p class="saving">
                                                         <!-- %@ include file="../../include/PromotionStrapline.jspf"% -->
                                                </p></div>
                                            <!-- BEGIN CatalogEntryThumbnailDisplay.jsp -->
    <div class="product ">
        
        <div class="errorBanner hidden" id="error1395148"></div>
                        
        
        <div class="productInner">
            <div class="productInfoWrapper">
                <div class="productInfo">
                    
                            <h3>
                                <a href="https://www.sainsburys.co.uk/shop/gb/groceries/product/details/mccoys-thai-sweet-chicken-crisps-475g">
                                    McCoy's Thai Sweet Chicken Grab Bag Crisps 45g
                                    <img src="https://assets.sainsburys-groceries.co.uk/gol/8061040/image.jpg" alt="">
                                </a>
                            </h3>
                        
<div class="promotion">

                        <p>
                            <a strapline="Meal Deal for Â£5.00 | 8061040" href="https://www.sainsburys.co.uk/shop/PromotionDisplayView?listId=2&amp;catalogId=10241&amp;productId=1395148&amp;langId=44&amp;storeId=10151&amp;promotionId=10664136"><!-- BEGIN include/PromotionStrapline.jspf -->Meal Deal for Â£5.00<br>

<!-- FINISH include/PromotionStrapline.jspf -->
                            </a>
                        </p>
                    
                        <p>
                            <a strapline="Meal Deal for Â£3.75 | 8061040" href="https://www.sainsburys.co.uk/shop/PromotionDisplayView?listId=2&amp;catalogId=10241&amp;productId=1395148&amp;langId=44&amp;storeId=10151&amp;promotionId=10669742">PLUS <!-- BEGIN include/PromotionStrapline.jspf -->Meal Deal for Â£3.75<br>

<!-- FINISH include/PromotionStrapline.jspf -->
                            </a>
                        </p>
                                
</div>

                    <div class="ThumbnailRoundel">
                    <!--ThumbnailRoundel --> 
                    </div>
                    <div class="promoBages">
                        <!-- PROMOTION -->
                    </div>


                    <!-- Review --><!-- BEGIN CatalogEntryRatingsReviewsInfo.jspf --><!-- productAllowedRatingsAndReviews: true -->
<div class="reviews">

    <a class="numberOfReviews" href="https://www.sainsburys.co.uk/shop/gb/groceries/product/details/mccoys-thai-sweet-chicken-crisps-475g">
        <img src="//www.sainsburys.co.uk/wcsstore7.137.2/SainsburysStorefrontAssetStore/img/stars/rating-4_9.gif" alt="4.9375" border="0">&nbsp; 
        Reviews (16)
    </a>

</div>
<!-- END CatalogEntryRatingsReviewsInfo.jspf -->
                </div>
                <!--ThumbnailRestriction -->
            </div>
            
            <div class="addToTrolleytabBox">
            <!-- addToTrolleytabBox LIST VIEW--><!-- Start UserSubscribedOrNot.jspf --><!-- Start UserSubscribedOrNot.jsp --><!-- 
    If the user is not logged in, render this opening 
    DIV adding an addtional class to fix the border top which is removed 
    and replaced by the tabs
-->
<div class="addToTrolleytabContainer addItemBorderTop">
<!-- End AddToSubscriptionList.jsp --><!-- End AddSubscriptionList.jspf --><!-- 
                    ATTENTION!!!
                    <div class="addToTrolleytabContainer">
                    This opening div is inside "../../ReusableObjects/UserSubscribedOrNot.jsp"
                    -->
                <div class="pricingAndTrolleyOptions">  
                    <div class="priceTab activeContainer priceTabContainer" id="addItem_1395149"> 
                        <div class="pricing">
                            
<p class="pricePerUnit">
Â£1.10 
</p>

<p class="pricePerMeasure">Â£2.44<abbr title="per">/</abbr>100<abbr title="gram"><span class="pricePerMeasureMeasure">g</span></abbr>
</p>

                                
                        </div>  
                          
                                    <div class="addToTrolleyForm ">   
                                        <!-- BEGIN AddToTrolley.jsp --><!-- fire an on add to bag here from  -->

<form class="addToTrolleyForm" name="OrderItemAddForm_1395148" action="OrderItemAdd" method="post" id="OrderItemAddForm_1395148">
    <input type="hidden" name="storeId" value="10151">
    <input type="hidden" name="langId" value="44">
    <input type="hidden" name="catalogId" value="10241">
    <input type="hidden" name="authToken" id="authToken1395148" value="-1002%2C3jIiHU%2F3lFc4jalpGDAhYOztAdQ%3D">
    
    
    <input type="hidden" name="errorViewName" value="PromotionDisplayView">
    <input type="hidden" name="SKU_ID" value="8061040">
    <input type="hidden" name="itemType" value="">
    <input type="hidden" name="parentSKU" value="">
    
    
       <input type="hidden" id="productCatentryId_1395149" value="1395148">
       <input type="hidden" id="catEntryId_1395148" value="1395149">
       <input type="hidden" name="ItemSKU_ID" value="8061040">
     
        
        <div class="quantity hidden" id="updateQtyPanelProduct_1395148" data-qty="">
            <ul>
                <li>
                    <a class="button decreaseQty " id="decreaseQty_1395148" href="#">-</a> 
                </li>
                <li>	
                    <label class="access" for="quantity_1395148">Quantity</label>						
                    <a href="#" class="button quantityPlp  " id="quantityUpdate_1395148">
                        </a>
                    <input name="quantity" id="quantity_1395148" type="hidden" size="3" value="" class="quantity">		        
                </li>
                <li>
                    
                    <a class="button increaseQty " id="increaseQty_1395148" href="#">+</a>
                </li>
            </ul>
        </div>				
            
        
            <input type="hidden" name="catEntryId" value="1395149">
        

        <input type="hidden" name="productId" value="1395148">
        

    <input type="hidden" name="URL" value="https://www.sainsburys.co.uk/webapp/wcs/stores/servlet/PromotionDisplayView?listId=2&amp;catalogId=10241&amp;productId=1117540&amp;langId=44&amp;storeId=10151&amp;promotionId=10669742">
    <input type="hidden" name="page" value="">
    <input type="hidden" name="contractId" value="">
    <input type="hidden" name="calculateOrder" value="1">
    <input type="hidden" name="calculationUsage" value="-1,-2,-3">
    <input type="hidden" name="updateable" value="1">
    <input type="hidden" name="merge" value="***">

                                  
            <input type="hidden" id="updateUrl_1395148" updateurlchild_1395149="AjaxOrderItemUpdate?calculateOrder=1&amp;itemType=&amp;ordItemUpdateFlag=0&amp;orderId=.&amp;updatePrices=1&amp;authToken=-1002%252C3jIiHU%252F3lFc4jalpGDAhYOztAdQ%253D&amp;calculationUsage=-1,-2,-3&amp;storeId=10151&amp;errorViewName=AjaxQuickCartDisplay&amp;URL=AjaxQuickCartDisplay&amp;catEntryId=1395149&amp;orderItemId_0=&amp;UOM_0=&amp;langId=44&amp;quantity_0=1">
            <input type="hidden" id="removeUrl_1395148" removeurlchild_1395149="AjaxOrderItemUpdate?calculateOrder=1&amp;itemType=&amp;productId=&amp;ordItemUpdateFlag=2&amp;orderId=.&amp;updatePrices=1&amp;authToken=-1002%252C3jIiHU%252F3lFc4jalpGDAhYOztAdQ%253D&amp;calculationUsage=-1,-2,-3&amp;storeId=10151&amp;errorViewName=AjaxQuickCartDisplay&amp;URL=AjaxQuickCartDisplay&amp;catEntryId=1395149&amp;productSKU=&amp;orderItemId_0=&amp;qtyDecremented=true&amp;langId=44&amp;quantity_0=0">           
         
       <input type="hidden" name="callAjax" value="false">
       
    
    <div class="add2Cart " id="addQtyPanelProduct_1395148">    
        
            <a class="button process addQty  " id="addQty_1395148" href="#">
                Add
            </a>

            <input type="hidden" name="Add" value="Add">
        
    </div>

</form>
<!-- END AddToTrolley.jsp -->
                                    </div>  
                                
                    </div><!-- END priceTabContainer Add container --><!-- Subscribe container --><!-- Start AddToSubscriptionList.jspf --><!-- Start AddToSubscriptionList.jsp --><!-- End AddToSubscriptionList.jsp --><!-- End AddToSubscriptionList.jspf --> 
                </div>  
            </div>  
        </div>
    </div>     
    </div> 
    <div id="additionalItems_1395149" class="additionalItems">
        <!-- BEGIN MerchandisingAssociationsDisplay.jsp --><!-- Start - JSP File Name:  MerchandisingAssociationsDisplay.jsp --><!-- END MerchandisingAssociationsDisplay.jsp -->  
    </div> 

<!-- END CatalogEntryThumbnailDisplay.jsp -->
                            </li>
                        
                            <li>
                                
                                                <div class="trolleySummary"><p class="saving">
                                                         <!-- %@ include file="../../include/PromotionStrapline.jspf"% -->
                                                </p></div>
                                            
                                                <div class="trolleySummary"><p class="saving">
                                                         <!-- %@ include file="../../include/PromotionStrapline.jspf"% -->
                                                </p></div>
                                            
                                                <div class="trolleySummary"><p class="saving">
                                                         <!-- %@ include file="../../include/PromotionStrapline.jspf"% -->
                                                </p></div>
                                            <!-- BEGIN CatalogEntryThumbnailDisplay.jsp -->
    <div class="product ">
        
        <div class="errorBanner hidden" id="error1290904"></div>
                        
        
        <div class="productInner">
            <div class="productInfoWrapper">
                <div class="productInfo">
                    
                            <h3>
                                <a href="https://www.sainsburys.co.uk/shop/gb/groceries/product/details/serious-pig-snacking-cheese-classic-24g">
                                    Serious Pig Crunchy Snacking Cheese 24g
                                    <img src="https://assets.sainsburys-groceries.co.uk/gol/7972560/image.jpg" alt="">
                                </a>
                            </h3>
                        
<div class="promotion">

                        <p>
                            <a strapline="Only Â£1.35: Save 15p | 7972560" href="https://www.sainsburys.co.uk/shop/PromotionDisplayView?catalogId=10241&amp;productId=1290904&amp;langId=44&amp;storeId=10151&amp;promotionId=10663558"><!-- BEGIN include/PromotionStrapline.jspf -->Only Â£1.35: Save 15p<br>

<!-- FINISH include/PromotionStrapline.jspf -->
                            </a>
                        </p>
                    
                        <p>
                            <a strapline="Meal Deal for Â£5.00 | 7972560" href="https://www.sainsburys.co.uk/shop/PromotionDisplayView?listId=2&amp;catalogId=10241&amp;productId=1290904&amp;langId=44&amp;storeId=10151&amp;promotionId=10664136">PLUS <!-- BEGIN include/PromotionStrapline.jspf -->Meal Deal for Â£5.00<br>

<!-- FINISH include/PromotionStrapline.jspf -->
                            </a>
                        </p>
                    
                        <p>
                            <a strapline="Meal Deal for Â£3.75 | 7972560" href="https://www.sainsburys.co.uk/shop/PromotionDisplayView?listId=2&amp;catalogId=10241&amp;productId=1290904&amp;langId=44&amp;storeId=10151&amp;promotionId=10669742">PLUS <!-- BEGIN include/PromotionStrapline.jspf -->Meal Deal for Â£3.75<br>

<!-- FINISH include/PromotionStrapline.jspf -->
                            </a>
                        </p>
                                
</div>

                    <div class="ThumbnailRoundel">
                    <!--ThumbnailRoundel --> 
                    </div>
                    <div class="promoBages">
                        <!-- PROMOTION -->
                    </div>


                    <!-- Review --><!-- BEGIN CatalogEntryRatingsReviewsInfo.jspf --><!-- productAllowedRatingsAndReviews: true -->
<div class="reviews">

    <a class="numberOfReviews" href="https://www.sainsburys.co.uk/shop/gb/groceries/product/details/serious-pig-snacking-cheese-classic-24g">
        <img src="//www.sainsburys.co.uk/wcsstore7.137.2/SainsburysStorefrontAssetStore/img/stars/rating-4_5.gif" alt="4.5" border="0">&nbsp; 
        Reviews (14)
    </a>

</div>
<!-- END CatalogEntryRatingsReviewsInfo.jspf -->
                </div>
                <!--ThumbnailRestriction -->
            </div>
            
            <div class="addToTrolleytabBox">
            <!-- addToTrolleytabBox LIST VIEW--><!-- Start UserSubscribedOrNot.jspf --><!-- Start UserSubscribedOrNot.jsp --><!-- 
    If the user is not logged in, render this opening 
    DIV adding an addtional class to fix the border top which is removed 
    and replaced by the tabs
-->
<div class="addToTrolleytabContainer addItemBorderTop">
<!-- End AddToSubscriptionList.jsp --><!-- End AddSubscriptionList.jspf --><!-- 
                    ATTENTION!!!
                    <div class="addToTrolleytabContainer">
                    This opening div is inside "../../ReusableObjects/UserSubscribedOrNot.jsp"
                    -->
                <div class="pricingAndTrolleyOptions">  
                    <div class="priceTab activeContainer priceTabContainer" id="addItem_1290905"> 
                        <div class="pricing">
                            
<p class="pricePerUnit">
Â£1.35 
</p>

<p class="pricePerMeasure">Â£5.63<abbr title="per">/</abbr>100<abbr title="gram"><span class="pricePerMeasureMeasure">g</span></abbr>
</p>

                                
                        </div>  
                          
                                    <div class="addToTrolleyForm ">   
                                        <!-- BEGIN AddToTrolley.jsp --><!-- fire an on add to bag here from  -->

<form class="addToTrolleyForm" name="OrderItemAddForm_1290904" action="OrderItemAdd" method="post" id="OrderItemAddForm_1290904">
    <input type="hidden" name="storeId" value="10151">
    <input type="hidden" name="langId" value="44">
    <input type="hidden" name="catalogId" value="10241">
    <input type="hidden" name="authToken" id="authToken1290904" value="-1002%2C3jIiHU%2F3lFc4jalpGDAhYOztAdQ%3D">
    
    
    <input type="hidden" name="errorViewName" value="PromotionDisplayView">
    <input type="hidden" name="SKU_ID" value="7972560">
    <input type="hidden" name="itemType" value="">
    <input type="hidden" name="parentSKU" value="">
    
    
       <input type="hidden" id="productCatentryId_1290905" value="1290904">
       <input type="hidden" id="catEntryId_1290904" value="1290905">
       <input type="hidden" name="ItemSKU_ID" value="7972560">
     
        
        <div class="quantity hidden" id="updateQtyPanelProduct_1290904" data-qty="">
            <ul>
                <li>
                    <a class="button decreaseQty " id="decreaseQty_1290904" href="#">-</a> 
                </li>
                <li>	
                    <label class="access" for="quantity_1290904">Quantity</label>						
                    <a href="#" class="button quantityPlp  " id="quantityUpdate_1290904">
                        </a>
                    <input name="quantity" id="quantity_1290904" type="hidden" size="3" value="" class="quantity">		        
                </li>
                <li>
                    
                    <a class="button increaseQty " id="increaseQty_1290904" href="#">+</a>
                </li>
            </ul>
        </div>				
            
        
            <input type="hidden" name="catEntryId" value="1290905">
        

        <input type="hidden" name="productId" value="1290904">
        

    <input type="hidden" name="URL" value="https://www.sainsburys.co.uk/webapp/wcs/stores/servlet/PromotionDisplayView?listId=2&amp;catalogId=10241&amp;productId=1117540&amp;langId=44&amp;storeId=10151&amp;promotionId=10669742">
    <input type="hidden" name="page" value="">
    <input type="hidden" name="contractId" value="">
    <input type="hidden" name="calculateOrder" value="1">
    <input type="hidden" name="calculationUsage" value="-1,-2,-3">
    <input type="hidden" name="updateable" value="1">
    <input type="hidden" name="merge" value="***">

                                  
            <input type="hidden" id="updateUrl_1290904" updateurlchild_1290905="AjaxOrderItemUpdate?calculateOrder=1&amp;itemType=&amp;ordItemUpdateFlag=0&amp;orderId=.&amp;updatePrices=1&amp;authToken=-1002%252C3jIiHU%252F3lFc4jalpGDAhYOztAdQ%253D&amp;calculationUsage=-1,-2,-3&amp;storeId=10151&amp;errorViewName=AjaxQuickCartDisplay&amp;URL=AjaxQuickCartDisplay&amp;catEntryId=1290905&amp;orderItemId_0=&amp;UOM_0=&amp;langId=44&amp;quantity_0=1">
            <input type="hidden" id="removeUrl_1290904" removeurlchild_1290905="AjaxOrderItemUpdate?calculateOrder=1&amp;itemType=&amp;productId=&amp;ordItemUpdateFlag=2&amp;orderId=.&amp;updatePrices=1&amp;authToken=-1002%252C3jIiHU%252F3lFc4jalpGDAhYOztAdQ%253D&amp;calculationUsage=-1,-2,-3&amp;storeId=10151&amp;errorViewName=AjaxQuickCartDisplay&amp;URL=AjaxQuickCartDisplay&amp;catEntryId=1290905&amp;productSKU=&amp;orderItemId_0=&amp;qtyDecremented=true&amp;langId=44&amp;quantity_0=0">           
         
       <input type="hidden" name="callAjax" value="false">
       
    
    <div class="add2Cart " id="addQtyPanelProduct_1290904">    
        
            <a class="button process addQty  " id="addQty_1290904" href="#">
                Add
            </a>

            <input type="hidden" name="Add" value="Add">
        
    </div>

</form>
<!-- END AddToTrolley.jsp -->
                                    </div>  
                                
                    </div><!-- END priceTabContainer Add container --><!-- Subscribe container --><!-- Start AddToSubscriptionList.jspf --><!-- Start AddToSubscriptionList.jsp --><!-- End AddToSubscriptionList.jsp --><!-- End AddToSubscriptionList.jspf --> 
                </div>  
            </div>  
        </div>
    </div>     
    </div> 
    <div id="additionalItems_1290905" class="additionalItems">
        <!-- BEGIN MerchandisingAssociationsDisplay.jsp --><!-- Start - JSP File Name:  MerchandisingAssociationsDisplay.jsp --><!-- END MerchandisingAssociationsDisplay.jsp -->  
    </div> 

<!-- END CatalogEntryThumbnailDisplay.jsp -->
                            </li>
                        
                            <li>
                                
                                                <div class="trolleySummary"><p class="saving">
                                                         <!-- %@ include file="../../include/PromotionStrapline.jspf"% -->
                                                </p></div>
                                            
                                                <div class="trolleySummary"><p class="saving">
                                                         <!-- %@ include file="../../include/PromotionStrapline.jspf"% -->
                                                </p></div>
                                            
                                                <div class="trolleySummary"><p class="saving">
                                                         <!-- %@ include file="../../include/PromotionStrapline.jspf"% -->
                                                </p></div>
                                            <!-- BEGIN CatalogEntryThumbnailDisplay.jsp -->
    <div class="product ">
        
        <div class="errorBanner hidden" id="error812320"></div>
                        
        
        <div class="productInner">
            <div class="productInfoWrapper">
                <div class="productInfo">
                    
                            <h3>
                                <a href="https://www.sainsburys.co.uk/shop/gb/groceries/product/details/kit-kat-chunky-milk-chocolate-bar-40g-7731107-p">
                                    KitKat Chunky Milk Chocolate Bar 40g
                                    <img src="https://assets.sainsburys-groceries.co.uk/gol/7731107/image.jpg" alt="">
                                </a>
                            </h3>
                        
<div class="promotion">

                        <p>
                            <a strapline="Meal Deal for Â£5.00 | 7731107" href="https://www.sainsburys.co.uk/shop/PromotionDisplayView?listId=2&amp;catalogId=10241&amp;productId=812320&amp;langId=44&amp;storeId=10151&amp;promotionId=10664136"><!-- BEGIN include/PromotionStrapline.jspf -->Meal Deal for Â£5.00<br>

<!-- FINISH include/PromotionStrapline.jspf -->
                            </a>
                        </p>
                    
                        <p>
                            <a strapline="Meal Deal for Â£3.75 | 7731107" href="https://www.sainsburys.co.uk/shop/PromotionDisplayView?listId=2&amp;catalogId=10241&amp;productId=812320&amp;langId=44&amp;storeId=10151&amp;promotionId=10669742">PLUS <!-- BEGIN include/PromotionStrapline.jspf -->Meal Deal for Â£3.75<br>

<!-- FINISH include/PromotionStrapline.jspf -->
                            </a>
                        </p>
                                
</div>

                    <div class="ThumbnailRoundel">
                    <!--ThumbnailRoundel --> 
                    </div>
                    <div class="promoBages">
                        <!-- PROMOTION -->
                    </div>


                    <!-- Review --><!-- BEGIN CatalogEntryRatingsReviewsInfo.jspf --><!-- productAllowedRatingsAndReviews: true -->
<div class="reviews">

    <a class="numberOfReviews" href="https://www.sainsburys.co.uk/shop/gb/groceries/product/details/kit-kat-chunky-milk-chocolate-bar-40g-7731107-p">
        <img src="//www.sainsburys.co.uk/wcsstore7.137.2/SainsburysStorefrontAssetStore/img/stars/rating-4_1.gif" alt="4.1111" border="0">&nbsp; 
        Reviews (27)
    </a>

</div>
<!-- END CatalogEntryRatingsReviewsInfo.jspf -->
                </div>
                <!--ThumbnailRestriction -->
            </div>
            
            <div class="addToTrolleytabBox">
            <!-- addToTrolleytabBox LIST VIEW--><!-- Start UserSubscribedOrNot.jspf --><!-- Start UserSubscribedOrNot.jsp --><!-- 
    If the user is not logged in, render this opening 
    DIV adding an addtional class to fix the border top which is removed 
    and replaced by the tabs
-->
<div class="addToTrolleytabContainer addItemBorderTop">
<!-- End AddToSubscriptionList.jsp --><!-- End AddSubscriptionList.jspf --><!-- 
                    ATTENTION!!!
                    <div class="addToTrolleytabContainer">
                    This opening div is inside "../../ReusableObjects/UserSubscribedOrNot.jsp"
                    -->
                <div class="pricingAndTrolleyOptions">  
                    <div class="priceTab activeContainer priceTabContainer" id="addItem_812321"> 
                        <div class="pricing">
                            
<p class="pricePerUnit">
95p 
</p>

<p class="pricePerMeasure">Â£2.38<abbr title="per">/</abbr>100<abbr title="gram"><span class="pricePerMeasureMeasure">g</span></abbr>
</p>

                                
                        </div>  
                          
                                    <div class="addToTrolleyForm ">   
                                        <!-- BEGIN AddToTrolley.jsp --><!-- fire an on add to bag here from  -->

<form class="addToTrolleyForm" name="OrderItemAddForm_812320" action="OrderItemAdd" method="post" id="OrderItemAddForm_812320">
    <input type="hidden" name="storeId" value="10151">
    <input type="hidden" name="langId" value="44">
    <input type="hidden" name="catalogId" value="10241">
    <input type="hidden" name="authToken" id="authToken812320" value="-1002%2C3jIiHU%2F3lFc4jalpGDAhYOztAdQ%3D">
    
    
    <input type="hidden" name="errorViewName" value="PromotionDisplayView">
    <input type="hidden" name="SKU_ID" value="7731107">
    <input type="hidden" name="itemType" value="">
    <input type="hidden" name="parentSKU" value="">
    
    
       <input type="hidden" id="productCatentryId_812321" value="812320">
       <input type="hidden" id="catEntryId_812320" value="812321">
       <input type="hidden" name="ItemSKU_ID" value="7731107">
     
        
        <div class="quantity hidden" id="updateQtyPanelProduct_812320" data-qty="">
            <ul>
                <li>
                    <a class="button decreaseQty " id="decreaseQty_812320" href="#">-</a> 
                </li>
                <li>	
                    <label class="access" for="quantity_812320">Quantity</label>						
                    <a href="#" class="button quantityPlp  " id="quantityUpdate_812320">
                        </a>
                    <input name="quantity" id="quantity_812320" type="hidden" size="3" value="" class="quantity">		        
                </li>
                <li>
                    
                    <a class="button increaseQty " id="increaseQty_812320" href="#">+</a>
                </li>
            </ul>
        </div>				
            
        
            <input type="hidden" name="catEntryId" value="812321">
        

        <input type="hidden" name="productId" value="812320">
        

    <input type="hidden" name="URL" value="https://www.sainsburys.co.uk/webapp/wcs/stores/servlet/PromotionDisplayView?listId=2&amp;catalogId=10241&amp;productId=1117540&amp;langId=44&amp;storeId=10151&amp;promotionId=10669742">
    <input type="hidden" name="page" value="">
    <input type="hidden" name="contractId" value="">
    <input type="hidden" name="calculateOrder" value="1">
    <input type="hidden" name="calculationUsage" value="-1,-2,-3">
    <input type="hidden" name="updateable" value="1">
    <input type="hidden" name="merge" value="***">

                                  
            <input type="hidden" id="updateUrl_812320" updateurlchild_812321="AjaxOrderItemUpdate?calculateOrder=1&amp;itemType=&amp;ordItemUpdateFlag=0&amp;orderId=.&amp;updatePrices=1&amp;authToken=-1002%252C3jIiHU%252F3lFc4jalpGDAhYOztAdQ%253D&amp;calculationUsage=-1,-2,-3&amp;storeId=10151&amp;errorViewName=AjaxQuickCartDisplay&amp;URL=AjaxQuickCartDisplay&amp;catEntryId=812321&amp;orderItemId_0=&amp;UOM_0=&amp;langId=44&amp;quantity_0=1">
            <input type="hidden" id="removeUrl_812320" removeurlchild_812321="AjaxOrderItemUpdate?calculateOrder=1&amp;itemType=&amp;productId=&amp;ordItemUpdateFlag=2&amp;orderId=.&amp;updatePrices=1&amp;authToken=-1002%252C3jIiHU%252F3lFc4jalpGDAhYOztAdQ%253D&amp;calculationUsage=-1,-2,-3&amp;storeId=10151&amp;errorViewName=AjaxQuickCartDisplay&amp;URL=AjaxQuickCartDisplay&amp;catEntryId=812321&amp;productSKU=&amp;orderItemId_0=&amp;qtyDecremented=true&amp;langId=44&amp;quantity_0=0">           
         
       <input type="hidden" name="callAjax" value="false">
       
    
    <div class="add2Cart " id="addQtyPanelProduct_812320">    
        
            <a class="button process addQty  " id="addQty_812320" href="#">
                Add
            </a>

            <input type="hidden" name="Add" value="Add">
        
    </div>

</form>
<!-- END AddToTrolley.jsp -->
                                    </div>  
                                
                    </div><!-- END priceTabContainer Add container --><!-- Subscribe container --><!-- Start AddToSubscriptionList.jspf --><!-- Start AddToSubscriptionList.jsp --><!-- End AddToSubscriptionList.jsp --><!-- End AddToSubscriptionList.jspf --> 
                </div>  
            </div>  
        </div>
    </div>     
    </div> 
    <div id="additionalItems_812321" class="additionalItems">
        <!-- BEGIN MerchandisingAssociationsDisplay.jsp --><!-- Start - JSP File Name:  MerchandisingAssociationsDisplay.jsp --><!-- END MerchandisingAssociationsDisplay.jsp -->  
    </div> 

<!-- END CatalogEntryThumbnailDisplay.jsp -->
                            </li>
                        
                            <li>
                                
                                                <div class="trolleySummary"><p class="saving">
                                                         <!-- %@ include file="../../include/PromotionStrapline.jspf"% -->
                                                </p></div>
                                            
                                                <div class="trolleySummary"><p class="saving">
                                                         <!-- %@ include file="../../include/PromotionStrapline.jspf"% -->
                                                </p></div>
                                            
                                                <div class="trolleySummary"><p class="saving">
                                                         <!-- %@ include file="../../include/PromotionStrapline.jspf"% -->
                                                </p></div>
                                            <!-- BEGIN CatalogEntryThumbnailDisplay.jsp -->
    <div class="product ">
        
        <div class="errorBanner hidden" id="error1330972"></div>
                        
        
        <div class="productInner">
            <div class="productInfoWrapper">
                <div class="productInfo">
                    
                            <h3>
                                <a href="https://www.sainsburys.co.uk/shop/gb/groceries/product/details/trek-salted-caramel-flapjack-50g">
                                    Trek Salted Caramel Protein Flapjack 50g
                                    <img src="https://assets.sainsburys-groceries.co.uk/gol/8002001/image.jpg" alt="">
                                </a>
                            </h3>
                        
<div class="promotion">

                        <p>
                            <a strapline="Meal Deal for Â£5.00 | 8002001" href="https://www.sainsburys.co.uk/shop/PromotionDisplayView?listId=2&amp;catalogId=10241&amp;productId=1330972&amp;langId=44&amp;storeId=10151&amp;promotionId=10664136"><!-- BEGIN include/PromotionStrapline.jspf -->Meal Deal for Â£5.00<br>

<!-- FINISH include/PromotionStrapline.jspf -->
                            </a>
                        </p>
                    
                        <p>
                            <a strapline="Meal Deal for Â£3.75 | 8002001" href="https://www.sainsburys.co.uk/shop/PromotionDisplayView?listId=2&amp;catalogId=10241&amp;productId=1330972&amp;langId=44&amp;storeId=10151&amp;promotionId=10669742">PLUS <!-- BEGIN include/PromotionStrapline.jspf -->Meal Deal for Â£3.75<br>

<!-- FINISH include/PromotionStrapline.jspf -->
                            </a>
                        </p>
                                
</div>

                    <div class="ThumbnailRoundel">
                    <!--ThumbnailRoundel --> 
                    </div>
                    <div class="promoBages">
                        <!-- PROMOTION -->
                    </div>


                    <!-- Review --><!-- BEGIN CatalogEntryRatingsReviewsInfo.jspf --><!-- productAllowedRatingsAndReviews: true -->
<div class="reviews">

    <a class="numberOfReviews" href="https://www.sainsburys.co.uk/shop/gb/groceries/product/details/trek-salted-caramel-flapjack-50g">
        <img src="//www.sainsburys.co.uk/wcsstore7.137.2/SainsburysStorefrontAssetStore/img/stars/rating-4_7.gif" alt="4.7059" border="0">&nbsp; 
        Reviews (17)
    </a>

</div>
<!-- END CatalogEntryRatingsReviewsInfo.jspf -->
                </div>
                <!--ThumbnailRestriction -->
            </div>
            
            <div class="addToTrolleytabBox">
            <!-- addToTrolleytabBox LIST VIEW--><!-- Start UserSubscribedOrNot.jspf --><!-- Start UserSubscribedOrNot.jsp --><!-- 
    If the user is not logged in, render this opening 
    DIV adding an addtional class to fix the border top which is removed 
    and replaced by the tabs
-->
<div class="addToTrolleytabContainer addItemBorderTop">
<!-- End AddToSubscriptionList.jsp --><!-- End AddSubscriptionList.jspf --><!-- 
                    ATTENTION!!!
                    <div class="addToTrolleytabContainer">
                    This opening div is inside "../../ReusableObjects/UserSubscribedOrNot.jsp"
                    -->
                <div class="pricingAndTrolleyOptions">  
                    <div class="priceTab activeContainer priceTabContainer" id="addItem_1330973"> 
                        <div class="pricing">
                            
<p class="pricePerUnit">
Â£1.65 
</p>

<p class="pricePerMeasure">Â£3.30<abbr title="per">/</abbr>100<abbr title="gram"><span class="pricePerMeasureMeasure">g</span></abbr>
</p>

                                
                        </div>  
                          
                                    <div class="addToTrolleyForm ">   
                                        <!-- BEGIN AddToTrolley.jsp --><!-- fire an on add to bag here from  -->

<form class="addToTrolleyForm" name="OrderItemAddForm_1330972" action="OrderItemAdd" method="post" id="OrderItemAddForm_1330972">
    <input type="hidden" name="storeId" value="10151">
    <input type="hidden" name="langId" value="44">
    <input type="hidden" name="catalogId" value="10241">
    <input type="hidden" name="authToken" id="authToken1330972" value="-1002%2C3jIiHU%2F3lFc4jalpGDAhYOztAdQ%3D">
    
    
    <input type="hidden" name="errorViewName" value="PromotionDisplayView">
    <input type="hidden" name="SKU_ID" value="8002001">
    <input type="hidden" name="itemType" value="">
    <input type="hidden" name="parentSKU" value="">
    
    
       <input type="hidden" id="productCatentryId_1330973" value="1330972">
       <input type="hidden" id="catEntryId_1330972" value="1330973">
       <input type="hidden" name="ItemSKU_ID" value="8002001">
     
        
        <div class="quantity hidden" id="updateQtyPanelProduct_1330972" data-qty="">
            <ul>
                <li>
                    <a class="button decreaseQty " id="decreaseQty_1330972" href="#">-</a> 
                </li>
                <li>	
                    <label class="access" for="quantity_1330972">Quantity</label>						
                    <a href="#" class="button quantityPlp  " id="quantityUpdate_1330972">
                        </a>
                    <input name="quantity" id="quantity_1330972" type="hidden" size="3" value="" class="quantity">		        
                </li>
                <li>
                    
                    <a class="button increaseQty " id="increaseQty_1330972" href="#">+</a>
                </li>
            </ul>
        </div>				
            
        
            <input type="hidden" name="catEntryId" value="1330973">
        

        <input type="hidden" name="productId" value="1330972">
        

    <input type="hidden" name="URL" value="https://www.sainsburys.co.uk/webapp/wcs/stores/servlet/PromotionDisplayView?listId=2&amp;catalogId=10241&amp;productId=1117540&amp;langId=44&amp;storeId=10151&amp;promotionId=10669742">
    <input type="hidden" name="page" value="">
    <input type="hidden" name="contractId" value="">
    <input type="hidden" name="calculateOrder" value="1">
    <input type="hidden" name="calculationUsage" value="-1,-2,-3">
    <input type="hidden" name="updateable" value="1">
    <input type="hidden" name="merge" value="***">

                                  
            <input type="hidden" id="updateUrl_1330972" updateurlchild_1330973="AjaxOrderItemUpdate?calculateOrder=1&amp;itemType=&amp;ordItemUpdateFlag=0&amp;orderId=.&amp;updatePrices=1&amp;authToken=-1002%252C3jIiHU%252F3lFc4jalpGDAhYOztAdQ%253D&amp;calculationUsage=-1,-2,-3&amp;storeId=10151&amp;errorViewName=AjaxQuickCartDisplay&amp;URL=AjaxQuickCartDisplay&amp;catEntryId=1330973&amp;orderItemId_0=&amp;UOM_0=&amp;langId=44&amp;quantity_0=1">
            <input type="hidden" id="removeUrl_1330972" removeurlchild_1330973="AjaxOrderItemUpdate?calculateOrder=1&amp;itemType=&amp;productId=&amp;ordItemUpdateFlag=2&amp;orderId=.&amp;updatePrices=1&amp;authToken=-1002%252C3jIiHU%252F3lFc4jalpGDAhYOztAdQ%253D&amp;calculationUsage=-1,-2,-3&amp;storeId=10151&amp;errorViewName=AjaxQuickCartDisplay&amp;URL=AjaxQuickCartDisplay&amp;catEntryId=1330973&amp;productSKU=&amp;orderItemId_0=&amp;qtyDecremented=true&amp;langId=44&amp;quantity_0=0">           
         
       <input type="hidden" name="callAjax" value="false">
       
    
    <div class="add2Cart " id="addQtyPanelProduct_1330972">    
        
            <a class="button process addQty  " id="addQty_1330972" href="#">
                Add
            </a>

            <input type="hidden" name="Add" value="Add">
        
    </div>

</form>
<!-- END AddToTrolley.jsp -->
                                    </div>  
                                
                    </div><!-- END priceTabContainer Add container --><!-- Subscribe container --><!-- Start AddToSubscriptionList.jspf --><!-- Start AddToSubscriptionList.jsp --><!-- End AddToSubscriptionList.jsp --><!-- End AddToSubscriptionList.jspf --> 
                </div>  
            </div>  
        </div>
    </div>     
    </div> 
    <div id="additionalItems_1330973" class="additionalItems">
        <!-- BEGIN MerchandisingAssociationsDisplay.jsp --><!-- Start - JSP File Name:  MerchandisingAssociationsDisplay.jsp --><!-- END MerchandisingAssociationsDisplay.jsp -->  
    </div> 

<!-- END CatalogEntryThumbnailDisplay.jsp -->
                            </li>
                        
                            <li>
                                
                                                <div class="trolleySummary"><p class="saving">
                                                         <!-- %@ include file="../../include/PromotionStrapline.jspf"% -->
                                                </p></div>
                                            
                                                <div class="trolleySummary"><p class="saving">
                                                         <!-- %@ include file="../../include/PromotionStrapline.jspf"% -->
                                                </p></div>
                                            
                                                <div class="trolleySummary"><p class="saving">
                                                         <!-- %@ include file="../../include/PromotionStrapline.jspf"% -->
                                                </p></div>
                                            <!-- BEGIN CatalogEntryThumbnailDisplay.jsp -->
    <div class="product ">
        
        <div class="errorBanner hidden" id="error875714"></div>
                        
        
        <div class="productInner">
            <div class="productInfoWrapper">
                <div class="productInfo">
                    
                            <h3>
                                <a href="https://www.sainsburys.co.uk/shop/gb/groceries/product/details/urban-fruit-magnificent-mango-35g">
                                    Urban Fruit Gently Baked Mango 35g
                                    <img src="https://assets.sainsburys-groceries.co.uk/gol/7748505/image.jpg" alt="">
                                </a>
                            </h3>
                        
<div class="promotion">

                        <p>
                            <a strapline="Only 85p: Save 25p | 7748505" href="https://www.sainsburys.co.uk/shop/PromotionDisplayView?catalogId=10241&amp;productId=875714&amp;langId=44&amp;storeId=10151&amp;promotionId=10668017"><!-- BEGIN include/PromotionStrapline.jspf -->Only 85p: Save 25p<br>

<!-- FINISH include/PromotionStrapline.jspf -->
                            </a>
                        </p>
                    
                        <p>
                            <a strapline="Meal Deal for Â£5.00 | 7748505" href="https://www.sainsburys.co.uk/shop/PromotionDisplayView?listId=2&amp;catalogId=10241&amp;productId=875714&amp;langId=44&amp;storeId=10151&amp;promotionId=10664136">PLUS <!-- BEGIN include/PromotionStrapline.jspf -->Meal Deal for Â£5.00<br>

<!-- FINISH include/PromotionStrapline.jspf -->
                            </a>
                        </p>
                    
                        <p>
                            <a strapline="Meal Deal for Â£3.75 | 7748505" href="https://www.sainsburys.co.uk/shop/PromotionDisplayView?listId=2&amp;catalogId=10241&amp;productId=875714&amp;langId=44&amp;storeId=10151&amp;promotionId=10669742">PLUS <!-- BEGIN include/PromotionStrapline.jspf -->Meal Deal for Â£3.75<br>

<!-- FINISH include/PromotionStrapline.jspf -->
                            </a>
                        </p>
                                
</div>

                    <div class="ThumbnailRoundel">
                    <!--ThumbnailRoundel --> 
                    </div>
                    <div class="promoBages">
                        <!-- PROMOTION -->
                    </div>


                    <!-- Review --><!-- BEGIN CatalogEntryRatingsReviewsInfo.jspf --><!-- productAllowedRatingsAndReviews: true -->
<div class="reviews">

    <a class="numberOfReviews" href="https://www.sainsburys.co.uk/shop/gb/groceries/product/details/urban-fruit-magnificent-mango-35g">
        <img src="//www.sainsburys.co.uk/wcsstore7.137.2/SainsburysStorefrontAssetStore/img/stars/rating-3_9.gif" alt="3.92" border="0">&nbsp; 
        Reviews (25)
    </a>

</div>
<!-- END CatalogEntryRatingsReviewsInfo.jspf -->
                </div>
                <!--ThumbnailRestriction -->
            </div>
            
            <div class="addToTrolleytabBox">
            <!-- addToTrolleytabBox LIST VIEW--><!-- Start UserSubscribedOrNot.jspf --><!-- Start UserSubscribedOrNot.jsp --><!-- 
    If the user is not logged in, render this opening 
    DIV adding an addtional class to fix the border top which is removed 
    and replaced by the tabs
-->
<div class="addToTrolleytabContainer addItemBorderTop">
<!-- End AddToSubscriptionList.jsp --><!-- End AddSubscriptionList.jspf --><!-- 
                    ATTENTION!!!
                    <div class="addToTrolleytabContainer">
                    This opening div is inside "../../ReusableObjects/UserSubscribedOrNot.jsp"
                    -->
                <div class="pricingAndTrolleyOptions">  
                    <div class="priceTab activeContainer priceTabContainer" id="addItem_875715"> 
                        <div class="pricing">
                            
<p class="pricePerUnit">
85p 
</p>

<p class="pricePerMeasure">Â£2.43<abbr title="per">/</abbr>100<abbr title="gram"><span class="pricePerMeasureMeasure">g</span></abbr>
</p>

                                
                        </div>  
                          
                                    <div class="addToTrolleyForm ">   
                                        <!-- BEGIN AddToTrolley.jsp --><!-- fire an on add to bag here from  -->

<form class="addToTrolleyForm" name="OrderItemAddForm_875714" action="OrderItemAdd" method="post" id="OrderItemAddForm_875714">
    <input type="hidden" name="storeId" value="10151">
    <input type="hidden" name="langId" value="44">
    <input type="hidden" name="catalogId" value="10241">
    <input type="hidden" name="authToken" id="authToken875714" value="-1002%2C3jIiHU%2F3lFc4jalpGDAhYOztAdQ%3D">
    
    
    <input type="hidden" name="errorViewName" value="PromotionDisplayView">
    <input type="hidden" name="SKU_ID" value="7748505">
    <input type="hidden" name="itemType" value="">
    <input type="hidden" name="parentSKU" value="">
    
    
       <input type="hidden" id="productCatentryId_875715" value="875714">
       <input type="hidden" id="catEntryId_875714" value="875715">
       <input type="hidden" name="ItemSKU_ID" value="7748505">
     
        
        <div class="quantity hidden" id="updateQtyPanelProduct_875714" data-qty="">
            <ul>
                <li>
                    <a class="button decreaseQty " id="decreaseQty_875714" href="#">-</a> 
                </li>
                <li>	
                    <label class="access" for="quantity_875714">Quantity</label>						
                    <a href="#" class="button quantityPlp  " id="quantityUpdate_875714">
                        </a>
                    <input name="quantity" id="quantity_875714" type="hidden" size="3" value="" class="quantity">		        
                </li>
                <li>
                    
                    <a class="button increaseQty " id="increaseQty_875714" href="#">+</a>
                </li>
            </ul>
        </div>				
            
        
            <input type="hidden" name="catEntryId" value="875715">
        

        <input type="hidden" name="productId" value="875714">
        

    <input type="hidden" name="URL" value="https://www.sainsburys.co.uk/webapp/wcs/stores/servlet/PromotionDisplayView?listId=2&amp;catalogId=10241&amp;productId=1117540&amp;langId=44&amp;storeId=10151&amp;promotionId=10669742">
    <input type="hidden" name="page" value="">
    <input type="hidden" name="contractId" value="">
    <input type="hidden" name="calculateOrder" value="1">
    <input type="hidden" name="calculationUsage" value="-1,-2,-3">
    <input type="hidden" name="updateable" value="1">
    <input type="hidden" name="merge" value="***">

                                  
            <input type="hidden" id="updateUrl_875714" updateurlchild_875715="AjaxOrderItemUpdate?calculateOrder=1&amp;itemType=&amp;ordItemUpdateFlag=0&amp;orderId=.&amp;updatePrices=1&amp;authToken=-1002%252C3jIiHU%252F3lFc4jalpGDAhYOztAdQ%253D&amp;calculationUsage=-1,-2,-3&amp;storeId=10151&amp;errorViewName=AjaxQuickCartDisplay&amp;URL=AjaxQuickCartDisplay&amp;catEntryId=875715&amp;orderItemId_0=&amp;UOM_0=&amp;langId=44&amp;quantity_0=1">
            <input type="hidden" id="removeUrl_875714" removeurlchild_875715="AjaxOrderItemUpdate?calculateOrder=1&amp;itemType=&amp;productId=&amp;ordItemUpdateFlag=2&amp;orderId=.&amp;updatePrices=1&amp;authToken=-1002%252C3jIiHU%252F3lFc4jalpGDAhYOztAdQ%253D&amp;calculationUsage=-1,-2,-3&amp;storeId=10151&amp;errorViewName=AjaxQuickCartDisplay&amp;URL=AjaxQuickCartDisplay&amp;catEntryId=875715&amp;productSKU=&amp;orderItemId_0=&amp;qtyDecremented=true&amp;langId=44&amp;quantity_0=0">           
         
       <input type="hidden" name="callAjax" value="false">
       
    
    <div class="add2Cart " id="addQtyPanelProduct_875714">    
        
            <a class="button process addQty  " id="addQty_875714" href="#">
                Add
            </a>

            <input type="hidden" name="Add" value="Add">
        
    </div>

</form>
<!-- END AddToTrolley.jsp -->
                                    </div>  
                                
                    </div><!-- END priceTabContainer Add container --><!-- Subscribe container --><!-- Start AddToSubscriptionList.jspf --><!-- Start AddToSubscriptionList.jsp --><!-- End AddToSubscriptionList.jsp --><!-- End AddToSubscriptionList.jspf --> 
                </div>  
            </div>  
        </div>
    </div>     
    </div> 
    <div id="additionalItems_875715" class="additionalItems">
        <!-- BEGIN MerchandisingAssociationsDisplay.jsp --><!-- Start - JSP File Name:  MerchandisingAssociationsDisplay.jsp --><!-- END MerchandisingAssociationsDisplay.jsp -->  
    </div> 

<!-- END CatalogEntryThumbnailDisplay.jsp -->
                            </li>
                        
                            <li>
                                
                                                <div class="trolleySummary"><p class="saving">
                                                         <!-- %@ include file="../../include/PromotionStrapline.jspf"% -->
                                                </p></div>
                                            
                                                <div class="trolleySummary"><p class="saving">
                                                         <!-- %@ include file="../../include/PromotionStrapline.jspf"% -->
                                                </p></div>
                                            
                                                <div class="trolleySummary"><p class="saving">
                                                         <!-- %@ include file="../../include/PromotionStrapline.jspf"% -->
                                                </p></div>
                                            <!-- BEGIN CatalogEntryThumbnailDisplay.jsp -->
    <div class="product ">
        
        <div class="errorBanner hidden" id="error1281806"></div>
                        
        
        <div class="productInner">
            <div class="productInfoWrapper">
                <div class="productInfo">
                    
                            <h3>
                                <a href="https://www.sainsburys.co.uk/shop/gb/groceries/product/details/peperami-original-225g-7858180-p-44">
                                    Peperami Original 22.5g
                                    <img src="https://assets.sainsburys-groceries.co.uk/gol/7858180/image.jpg" alt="">
                                </a>
                            </h3>
                        
<div class="promotion">

                        <p>
                            <a strapline="Meal Deal for Â£5.00 | 7858180" href="https://www.sainsburys.co.uk/shop/PromotionDisplayView?listId=2&amp;catalogId=10241&amp;productId=1281806&amp;langId=44&amp;storeId=10151&amp;promotionId=10664136"><!-- BEGIN include/PromotionStrapline.jspf -->Meal Deal for Â£5.00<br>

<!-- FINISH include/PromotionStrapline.jspf -->
                            </a>
                        </p>
                    
                        <p>
                            <a strapline="Meal Deal for Â£3.75 | 7858180" href="https://www.sainsburys.co.uk/shop/PromotionDisplayView?listId=2&amp;catalogId=10241&amp;productId=1281806&amp;langId=44&amp;storeId=10151&amp;promotionId=10669742">PLUS <!-- BEGIN include/PromotionStrapline.jspf -->Meal Deal for Â£3.75<br>

<!-- FINISH include/PromotionStrapline.jspf -->
                            </a>
                        </p>
                                
</div>

                    <div class="ThumbnailRoundel">
                    <!--ThumbnailRoundel --> 
                    </div>
                    <div class="promoBages">
                        <!-- PROMOTION -->

<div class="badges">
<ul>
    
            
             <li class="lastchild">

                                 
                <img src="/wcsstore7.137.2/SainsburysStorefrontAssetStore/wcassets/icons/2019/chilled_01_11_19.png" alt="Chilled">
                    
                
            </li>
        
</ul>   
</div>

                    </div>


                    <!-- Review --><!-- BEGIN CatalogEntryRatingsReviewsInfo.jspf --><!-- productAllowedRatingsAndReviews: true -->
<div class="reviews">

    <a class="numberOfReviews" href="https://www.sainsburys.co.uk/shop/gb/groceries/product/details/peperami-original-225g-7858180-p-44">
        <img src="//www.sainsburys.co.uk/wcsstore7.137.2/SainsburysStorefrontAssetStore/img/stars/rating-4_4.gif" alt="4.3595" border="0">&nbsp; 
        Reviews (89)
    </a>

</div>
<!-- END CatalogEntryRatingsReviewsInfo.jspf -->
                </div>
                <!--ThumbnailRestriction -->
            </div>
            
            <div class="addToTrolleytabBox">
            <!-- addToTrolleytabBox LIST VIEW--><!-- Start UserSubscribedOrNot.jspf --><!-- Start UserSubscribedOrNot.jsp --><!-- 
    If the user is not logged in, render this opening 
    DIV adding an addtional class to fix the border top which is removed 
    and replaced by the tabs
-->
<div class="addToTrolleytabContainer addItemBorderTop">
<!-- End AddToSubscriptionList.jsp --><!-- End AddSubscriptionList.jspf --><!-- 
                    ATTENTION!!!
                    <div class="addToTrolleytabContainer">
                    This opening div is inside "../../ReusableObjects/UserSubscribedOrNot.jsp"
                    -->
                <div class="pricingAndTrolleyOptions">  
                    <div class="priceTab activeContainer priceTabContainer" id="addItem_1281807"> 
                        <div class="pricing">
                            
<p class="pricePerUnit">
Â£1.30 
</p>

<p class="pricePerMeasure">Â£5.78<abbr title="per">/</abbr>100<abbr title="gram"><span class="pricePerMeasureMeasure">g</span></abbr>
</p>

                                
                        </div>  
                          
                                    <div class="addToTrolleyForm ">   
                                        <!-- BEGIN AddToTrolley.jsp --><!-- fire an on add to bag here from  -->

<form class="addToTrolleyForm" name="OrderItemAddForm_1281806" action="OrderItemAdd" method="post" id="OrderItemAddForm_1281806">
    <input type="hidden" name="storeId" value="10151">
    <input type="hidden" name="langId" value="44">
    <input type="hidden" name="catalogId" value="10241">
    <input type="hidden" name="authToken" id="authToken1281806" value="-1002%2C3jIiHU%2F3lFc4jalpGDAhYOztAdQ%3D">
    
    
    <input type="hidden" name="errorViewName" value="PromotionDisplayView">
    <input type="hidden" name="SKU_ID" value="7858180">
    <input type="hidden" name="itemType" value="">
    <input type="hidden" name="parentSKU" value="">
    
    
       <input type="hidden" id="productCatentryId_1281807" value="1281806">
       <input type="hidden" id="catEntryId_1281806" value="1281807">
       <input type="hidden" name="ItemSKU_ID" value="7858180">
     
        
        <div class="quantity hidden" id="updateQtyPanelProduct_1281806" data-qty="">
            <ul>
                <li>
                    <a class="button decreaseQty " id="decreaseQty_1281806" href="#">-</a> 
                </li>
                <li>	
                    <label class="access" for="quantity_1281806">Quantity</label>						
                    <a href="#" class="button quantityPlp  " id="quantityUpdate_1281806">
                        </a>
                    <input name="quantity" id="quantity_1281806" type="hidden" size="3" value="" class="quantity">		        
                </li>
                <li>
                    
                    <a class="button increaseQty " id="increaseQty_1281806" href="#">+</a>
                </li>
            </ul>
        </div>				
            
        
            <input type="hidden" name="catEntryId" value="1281807">
        

        <input type="hidden" name="productId" value="1281806">
        

    <input type="hidden" name="URL" value="https://www.sainsburys.co.uk/webapp/wcs/stores/servlet/PromotionDisplayView?listId=2&amp;catalogId=10241&amp;productId=1117540&amp;langId=44&amp;storeId=10151&amp;promotionId=10669742">
    <input type="hidden" name="page" value="">
    <input type="hidden" name="contractId" value="">
    <input type="hidden" name="calculateOrder" value="1">
    <input type="hidden" name="calculationUsage" value="-1,-2,-3">
    <input type="hidden" name="updateable" value="1">
    <input type="hidden" name="merge" value="***">

                                  
            <input type="hidden" id="updateUrl_1281806" updateurlchild_1281807="AjaxOrderItemUpdate?calculateOrder=1&amp;itemType=&amp;ordItemUpdateFlag=0&amp;orderId=.&amp;updatePrices=1&amp;authToken=-1002%252C3jIiHU%252F3lFc4jalpGDAhYOztAdQ%253D&amp;calculationUsage=-1,-2,-3&amp;storeId=10151&amp;errorViewName=AjaxQuickCartDisplay&amp;URL=AjaxQuickCartDisplay&amp;catEntryId=1281807&amp;orderItemId_0=&amp;UOM_0=&amp;langId=44&amp;quantity_0=1">
            <input type="hidden" id="removeUrl_1281806" removeurlchild_1281807="AjaxOrderItemUpdate?calculateOrder=1&amp;itemType=&amp;productId=&amp;ordItemUpdateFlag=2&amp;orderId=.&amp;updatePrices=1&amp;authToken=-1002%252C3jIiHU%252F3lFc4jalpGDAhYOztAdQ%253D&amp;calculationUsage=-1,-2,-3&amp;storeId=10151&amp;errorViewName=AjaxQuickCartDisplay&amp;URL=AjaxQuickCartDisplay&amp;catEntryId=1281807&amp;productSKU=&amp;orderItemId_0=&amp;qtyDecremented=true&amp;langId=44&amp;quantity_0=0">           
         
       <input type="hidden" name="callAjax" value="false">
       
    
    <div class="add2Cart " id="addQtyPanelProduct_1281806">    
        
            <a class="button process addQty  " id="addQty_1281806" href="#">
                Add
            </a>

            <input type="hidden" name="Add" value="Add">
        
    </div>

</form>
<!-- END AddToTrolley.jsp -->
                                    </div>  
                                
                    </div><!-- END priceTabContainer Add container --><!-- Subscribe container --><!-- Start AddToSubscriptionList.jspf --><!-- Start AddToSubscriptionList.jsp --><!-- End AddToSubscriptionList.jsp --><!-- End AddToSubscriptionList.jspf --> 
                </div>  
            </div>  
        </div>
    </div>     
    </div> 
    <div id="additionalItems_1281807" class="additionalItems">
        <!-- BEGIN MerchandisingAssociationsDisplay.jsp --><!-- Start - JSP File Name:  MerchandisingAssociationsDisplay.jsp --><!-- END MerchandisingAssociationsDisplay.jsp -->  
    </div> 

<!-- END CatalogEntryThumbnailDisplay.jsp -->
                            </li>
                        
                            <li>
                                
                                                <div class="trolleySummary"><p class="saving">
                                                         <!-- %@ include file="../../include/PromotionStrapline.jspf"% -->
                                                </p></div>
                                            
                                                <div class="trolleySummary"><p class="saving">
                                                         <!-- %@ include file="../../include/PromotionStrapline.jspf"% -->
                                                </p></div>
                                            
                                                <div class="trolleySummary"><p class="saving">
                                                         <!-- %@ include file="../../include/PromotionStrapline.jspf"% -->
                                                </p></div>
                                            <!-- BEGIN CatalogEntryThumbnailDisplay.jsp -->
    <div class="product ">
        
        <div class="errorBanner hidden" id="error1450504"></div>
                        
        
        <div class="productInner">
            <div class="productInfoWrapper">
                <div class="productInfo">
                    
                            <h3>
                                <a href="https://www.sainsburys.co.uk/shop/gb/groceries/product/details/sainsburys-on-the-go-watermelon-160g">
                                    Sainsbury's On the Go Watermelon 160g
                                    <img src="https://assets.sainsburys-groceries.co.uk/gol/8119458/image.jpg" alt="">
                                </a>
                            </h3>
                        
<div class="promotion">

                        <p>
                            <a strapline="Meal Deal for Â£5.00 | 8119458" href="https://www.sainsburys.co.uk/shop/PromotionDisplayView?listId=2&amp;catalogId=10241&amp;productId=1450504&amp;langId=44&amp;storeId=10151&amp;promotionId=10664136"><!-- BEGIN include/PromotionStrapline.jspf -->Meal Deal for Â£5.00<br>

<!-- FINISH include/PromotionStrapline.jspf -->
                            </a>
                        </p>
                    
                        <p>
                            <a strapline="Meal Deal for Â£3.75 | 8119458" href="https://www.sainsburys.co.uk/shop/PromotionDisplayView?listId=2&amp;catalogId=10241&amp;productId=1450504&amp;langId=44&amp;storeId=10151&amp;promotionId=10669742">PLUS <!-- BEGIN include/PromotionStrapline.jspf -->Meal Deal for Â£3.75<br>

<!-- FINISH include/PromotionStrapline.jspf -->
                            </a>
                        </p>
                                
</div>

                    <div class="ThumbnailRoundel">
                    <!--ThumbnailRoundel --> 
                    </div>
                    <div class="promoBages">
                        <!-- PROMOTION -->
                    </div>


                    <!-- Review --><!-- BEGIN CatalogEntryRatingsReviewsInfo.jspf --><!-- productAllowedRatingsAndReviews: true -->
<div class="reviews">

    <a class="numberOfReviews" href="https://www.sainsburys.co.uk/shop/gb/groceries/product/details/sainsburys-on-the-go-watermelon-160g">
        <img src="//www.sainsburys.co.uk/wcsstore7.137.2/SainsburysStorefrontAssetStore/img/stars/rating-4_9.gif" alt="4.9167" border="0">&nbsp; 
        Reviews (12)
    </a>

</div>
<!-- END CatalogEntryRatingsReviewsInfo.jspf -->
                </div>
                <!--ThumbnailRestriction -->
            </div>
            
            <div class="addToTrolleytabBox">
            <!-- addToTrolleytabBox LIST VIEW--><!-- Start UserSubscribedOrNot.jspf --><!-- Start UserSubscribedOrNot.jsp --><!-- 
    If the user is not logged in, render this opening 
    DIV adding an addtional class to fix the border top which is removed 
    and replaced by the tabs
-->
<div class="addToTrolleytabContainer addItemBorderTop">
<!-- End AddToSubscriptionList.jsp --><!-- End AddSubscriptionList.jspf --><!-- 
                    ATTENTION!!!
                    <div class="addToTrolleytabContainer">
                    This opening div is inside "../../ReusableObjects/UserSubscribedOrNot.jsp"
                    -->
                <div class="pricingAndTrolleyOptions">  
                    <div class="priceTab activeContainer priceTabContainer" id="addItem_1450505"> 
                        <div class="pricing">
                            
<p class="pricePerUnit">
Â£1.35 
</p>

<p class="pricePerMeasure">Â£8.44<abbr title="per">/</abbr><abbr title="kilogram"><span class="pricePerMeasureMeasure">kg</span></abbr>
</p>

                                
                        </div>  
                          
                                    <div class="addToTrolleyForm ">   
                                        <!-- BEGIN AddToTrolley.jsp --><!-- fire an on add to bag here from  -->

<form class="addToTrolleyForm" name="OrderItemAddForm_1450504" action="OrderItemAdd" method="post" id="OrderItemAddForm_1450504">
    <input type="hidden" name="storeId" value="10151">
    <input type="hidden" name="langId" value="44">
    <input type="hidden" name="catalogId" value="10241">
    <input type="hidden" name="authToken" id="authToken1450504" value="-1002%2C3jIiHU%2F3lFc4jalpGDAhYOztAdQ%3D">
    
    
    <input type="hidden" name="errorViewName" value="PromotionDisplayView">
    <input type="hidden" name="SKU_ID" value="8119458">
    <input type="hidden" name="itemType" value="">
    <input type="hidden" name="parentSKU" value="">
    
    
       <input type="hidden" id="productCatentryId_1450505" value="1450504">
       <input type="hidden" id="catEntryId_1450504" value="1450505">
       <input type="hidden" name="ItemSKU_ID" value="8119458">
     
        
        <div class="quantity hidden" id="updateQtyPanelProduct_1450504" data-qty="">
            <ul>
                <li>
                    <a class="button decreaseQty " id="decreaseQty_1450504" href="#">-</a> 
                </li>
                <li>	
                    <label class="access" for="quantity_1450504">Quantity</label>						
                    <a href="#" class="button quantityPlp  " id="quantityUpdate_1450504">
                        </a>
                    <input name="quantity" id="quantity_1450504" type="hidden" size="3" value="" class="quantity">		        
                </li>
                <li>
                    
                    <a class="button increaseQty " id="increaseQty_1450504" href="#">+</a>
                </li>
            </ul>
        </div>				
            
        
            <input type="hidden" name="catEntryId" value="1450505">
        

        <input type="hidden" name="productId" value="1450504">
        

    <input type="hidden" name="URL" value="https://www.sainsburys.co.uk/webapp/wcs/stores/servlet/PromotionDisplayView?listId=2&amp;catalogId=10241&amp;productId=1117540&amp;langId=44&amp;storeId=10151&amp;promotionId=10669742">
    <input type="hidden" name="page" value="">
    <input type="hidden" name="contractId" value="">
    <input type="hidden" name="calculateOrder" value="1">
    <input type="hidden" name="calculationUsage" value="-1,-2,-3">
    <input type="hidden" name="updateable" value="1">
    <input type="hidden" name="merge" value="***">

                                  
            <input type="hidden" id="updateUrl_1450504" updateurlchild_1450505="AjaxOrderItemUpdate?calculateOrder=1&amp;itemType=&amp;ordItemUpdateFlag=0&amp;orderId=.&amp;updatePrices=1&amp;authToken=-1002%252C3jIiHU%252F3lFc4jalpGDAhYOztAdQ%253D&amp;calculationUsage=-1,-2,-3&amp;storeId=10151&amp;errorViewName=AjaxQuickCartDisplay&amp;URL=AjaxQuickCartDisplay&amp;catEntryId=1450505&amp;orderItemId_0=&amp;UOM_0=&amp;langId=44&amp;quantity_0=1">
            <input type="hidden" id="removeUrl_1450504" removeurlchild_1450505="AjaxOrderItemUpdate?calculateOrder=1&amp;itemType=&amp;productId=&amp;ordItemUpdateFlag=2&amp;orderId=.&amp;updatePrices=1&amp;authToken=-1002%252C3jIiHU%252F3lFc4jalpGDAhYOztAdQ%253D&amp;calculationUsage=-1,-2,-3&amp;storeId=10151&amp;errorViewName=AjaxQuickCartDisplay&amp;URL=AjaxQuickCartDisplay&amp;catEntryId=1450505&amp;productSKU=&amp;orderItemId_0=&amp;qtyDecremented=true&amp;langId=44&amp;quantity_0=0">           
         
       <input type="hidden" name="callAjax" value="false">
       
    
    <div class="add2Cart " id="addQtyPanelProduct_1450504">    
        
            <a class="button process addQty  " id="addQty_1450504" href="#">
                Add
            </a>

            <input type="hidden" name="Add" value="Add">
        
    </div>

</form>
<!-- END AddToTrolley.jsp -->
                                    </div>  
                                
                    </div><!-- END priceTabContainer Add container --><!-- Subscribe container --><!-- Start AddToSubscriptionList.jspf --><!-- Start AddToSubscriptionList.jsp --><!-- End AddToSubscriptionList.jsp --><!-- End AddToSubscriptionList.jspf --> 
                </div>  
            </div>  
        </div>
    </div>     
    </div> 
    <div id="additionalItems_1450505" class="additionalItems">
        <!-- BEGIN MerchandisingAssociationsDisplay.jsp --><!-- Start - JSP File Name:  MerchandisingAssociationsDisplay.jsp --><!-- END MerchandisingAssociationsDisplay.jsp -->  
    </div> 

<!-- END CatalogEntryThumbnailDisplay.jsp -->
                            </li>
                        
                            <li>
                                
                                                <div class="trolleySummary"><p class="saving">
                                                         <!-- %@ include file="../../include/PromotionStrapline.jspf"% -->
                                                </p></div>
                                            
                                                <div class="trolleySummary"><p class="saving">
                                                         <!-- %@ include file="../../include/PromotionStrapline.jspf"% -->
                                                </p></div>
                                            
                                                <div class="trolleySummary"><p class="saving">
                                                         <!-- %@ include file="../../include/PromotionStrapline.jspf"% -->
                                                </p></div>
                                            <!-- BEGIN CatalogEntryThumbnailDisplay.jsp -->
    <div class="product ">
        
        <div class="errorBanner hidden" id="error812362"></div>
                        
        
        <div class="productInner">
            <div class="productInfoWrapper">
                <div class="productInfo">
                    
                            <h3>
                                <a href="https://www.sainsburys.co.uk/shop/gb/groceries/product/details/yorkie-raisin---biscuit-milk-chocolate-bar-46g-7731232-p">
                                    Yorkie Raisin &amp; Biscuit Milk Chocolate Bar 44g
                                    <img src="https://assets.sainsburys-groceries.co.uk/gol/7731232/image.jpg" alt="">
                                </a>
                            </h3>
                        
<div class="promotion">

                        <p>
                            <a strapline="Meal Deal for Â£5.00 | 7731232" href="https://www.sainsburys.co.uk/shop/PromotionDisplayView?listId=2&amp;catalogId=10241&amp;productId=812362&amp;langId=44&amp;storeId=10151&amp;promotionId=10664136"><!-- BEGIN include/PromotionStrapline.jspf -->Meal Deal for Â£5.00<br>

<!-- FINISH include/PromotionStrapline.jspf -->
                            </a>
                        </p>
                    
                        <p>
                            <a strapline="Meal Deal for Â£3.75 | 7731232" href="https://www.sainsburys.co.uk/shop/PromotionDisplayView?listId=2&amp;catalogId=10241&amp;productId=812362&amp;langId=44&amp;storeId=10151&amp;promotionId=10669742">PLUS <!-- BEGIN include/PromotionStrapline.jspf -->Meal Deal for Â£3.75<br>

<!-- FINISH include/PromotionStrapline.jspf -->
                            </a>
                        </p>
                                
</div>

                    <div class="ThumbnailRoundel">
                    <!--ThumbnailRoundel --> 
                    </div>
                    <div class="promoBages">
                        <!-- PROMOTION -->
                    </div>


                    <!-- Review --><!-- BEGIN CatalogEntryRatingsReviewsInfo.jspf --><!-- productAllowedRatingsAndReviews: true -->
<div class="reviews">

    <a class="numberOfReviews" href="https://www.sainsburys.co.uk/shop/gb/groceries/product/details/yorkie-raisin---biscuit-milk-chocolate-bar-46g-7731232-p">
        <img src="//www.sainsburys.co.uk/wcsstore7.137.2/SainsburysStorefrontAssetStore/img/stars/rating-4_5.gif" alt="4.5" border="0">&nbsp; 
        Reviews (26)
    </a>

</div>
<!-- END CatalogEntryRatingsReviewsInfo.jspf -->
                </div>
                <!--ThumbnailRestriction -->
            </div>
            
            <div class="addToTrolleytabBox">
            <!-- addToTrolleytabBox LIST VIEW--><!-- Start UserSubscribedOrNot.jspf --><!-- Start UserSubscribedOrNot.jsp --><!-- 
    If the user is not logged in, render this opening 
    DIV adding an addtional class to fix the border top which is removed 
    and replaced by the tabs
-->
<div class="addToTrolleytabContainer addItemBorderTop">
<!-- End AddToSubscriptionList.jsp --><!-- End AddSubscriptionList.jspf --><!-- 
                    ATTENTION!!!
                    <div class="addToTrolleytabContainer">
                    This opening div is inside "../../ReusableObjects/UserSubscribedOrNot.jsp"
                    -->
                <div class="pricingAndTrolleyOptions">  
                    <div class="priceTab activeContainer priceTabContainer" id="addItem_812363"> 
                        <div class="pricing">
                            
<p class="pricePerUnit">
95p 
</p>

<p class="pricePerMeasure">Â£2.16<abbr title="per">/</abbr>100<abbr title="gram"><span class="pricePerMeasureMeasure">g</span></abbr>
</p>

                                
                        </div>  
                          
                                    <div class="addToTrolleyForm ">   
                                        <!-- BEGIN AddToTrolley.jsp --><!-- fire an on add to bag here from  -->

<form class="addToTrolleyForm" name="OrderItemAddForm_812362" action="OrderItemAdd" method="post" id="OrderItemAddForm_812362">
    <input type="hidden" name="storeId" value="10151">
    <input type="hidden" name="langId" value="44">
    <input type="hidden" name="catalogId" value="10241">
    <input type="hidden" name="authToken" id="authToken812362" value="-1002%2C3jIiHU%2F3lFc4jalpGDAhYOztAdQ%3D">
    
    
    <input type="hidden" name="errorViewName" value="PromotionDisplayView">
    <input type="hidden" name="SKU_ID" value="7731232">
    <input type="hidden" name="itemType" value="">
    <input type="hidden" name="parentSKU" value="">
    
    
       <input type="hidden" id="productCatentryId_812363" value="812362">
       <input type="hidden" id="catEntryId_812362" value="812363">
       <input type="hidden" name="ItemSKU_ID" value="7731232">
     
        
        <div class="quantity hidden" id="updateQtyPanelProduct_812362" data-qty="">
            <ul>
                <li>
                    <a class="button decreaseQty " id="decreaseQty_812362" href="#">-</a> 
                </li>
                <li>	
                    <label class="access" for="quantity_812362">Quantity</label>						
                    <a href="#" class="button quantityPlp  " id="quantityUpdate_812362">
                        </a>
                    <input name="quantity" id="quantity_812362" type="hidden" size="3" value="" class="quantity">		        
                </li>
                <li>
                    
                    <a class="button increaseQty " id="increaseQty_812362" href="#">+</a>
                </li>
            </ul>
        </div>				
            
        
            <input type="hidden" name="catEntryId" value="812363">
        

        <input type="hidden" name="productId" value="812362">
        

    <input type="hidden" name="URL" value="https://www.sainsburys.co.uk/webapp/wcs/stores/servlet/PromotionDisplayView?listId=2&amp;catalogId=10241&amp;productId=1117540&amp;langId=44&amp;storeId=10151&amp;promotionId=10669742">
    <input type="hidden" name="page" value="">
    <input type="hidden" name="contractId" value="">
    <input type="hidden" name="calculateOrder" value="1">
    <input type="hidden" name="calculationUsage" value="-1,-2,-3">
    <input type="hidden" name="updateable" value="1">
    <input type="hidden" name="merge" value="***">

                                  
            <input type="hidden" id="updateUrl_812362" updateurlchild_812363="AjaxOrderItemUpdate?calculateOrder=1&amp;itemType=&amp;ordItemUpdateFlag=0&amp;orderId=.&amp;updatePrices=1&amp;authToken=-1002%252C3jIiHU%252F3lFc4jalpGDAhYOztAdQ%253D&amp;calculationUsage=-1,-2,-3&amp;storeId=10151&amp;errorViewName=AjaxQuickCartDisplay&amp;URL=AjaxQuickCartDisplay&amp;catEntryId=812363&amp;orderItemId_0=&amp;UOM_0=&amp;langId=44&amp;quantity_0=1">
            <input type="hidden" id="removeUrl_812362" removeurlchild_812363="AjaxOrderItemUpdate?calculateOrder=1&amp;itemType=&amp;productId=&amp;ordItemUpdateFlag=2&amp;orderId=.&amp;updatePrices=1&amp;authToken=-1002%252C3jIiHU%252F3lFc4jalpGDAhYOztAdQ%253D&amp;calculationUsage=-1,-2,-3&amp;storeId=10151&amp;errorViewName=AjaxQuickCartDisplay&amp;URL=AjaxQuickCartDisplay&amp;catEntryId=812363&amp;productSKU=&amp;orderItemId_0=&amp;qtyDecremented=true&amp;langId=44&amp;quantity_0=0">           
         
       <input type="hidden" name="callAjax" value="false">
       
    
    <div class="add2Cart " id="addQtyPanelProduct_812362">    
        
            <a class="button process addQty  " id="addQty_812362" href="#">
                Add
            </a>

            <input type="hidden" name="Add" value="Add">
        
    </div>

</form>
<!-- END AddToTrolley.jsp -->
                                    </div>  
                                
                    </div><!-- END priceTabContainer Add container --><!-- Subscribe container --><!-- Start AddToSubscriptionList.jspf --><!-- Start AddToSubscriptionList.jsp --><!-- End AddToSubscriptionList.jsp --><!-- End AddToSubscriptionList.jspf --> 
                </div>  
            </div>  
        </div>
    </div>     
    </div> 
    <div id="additionalItems_812363" class="additionalItems">
        <!-- BEGIN MerchandisingAssociationsDisplay.jsp --><!-- Start - JSP File Name:  MerchandisingAssociationsDisplay.jsp --><!-- END MerchandisingAssociationsDisplay.jsp -->  
    </div> 

<!-- END CatalogEntryThumbnailDisplay.jsp -->
                            </li>
                        
                            <li>
                                
                                                <div class="trolleySummary"><p class="saving">
                                                         <!-- %@ include file="../../include/PromotionStrapline.jspf"% -->
                                                </p></div>
                                            
                                                <div class="trolleySummary"><p class="saving">
                                                         <!-- %@ include file="../../include/PromotionStrapline.jspf"% -->
                                                </p></div>
                                            
                                                <div class="trolleySummary"><p class="saving">
                                                         <!-- %@ include file="../../include/PromotionStrapline.jspf"% -->
                                                </p></div>
                                            <!-- BEGIN CatalogEntryThumbnailDisplay.jsp -->
    <div class="product ">
        
        <div class="errorBanner hidden" id="error1329136"></div>
                        
        
        <div class="productInner">
            <div class="productInfoWrapper">
                <div class="productInfo">
                    
                            <h3>
                                <a href="https://www.sainsburys.co.uk/shop/gb/groceries/product/details/walkers-roast-chicken-crisps-45g">
                                    Walkers Roast Chicken Crisps 45g
                                    <img src="https://assets.sainsburys-groceries.co.uk/gol/8001465/image.jpg" alt="">
                                </a>
                            </h3>
                        
<div class="promotion">

                        <p>
                            <a strapline="Meal Deal for Â£5.00 | 8001465" href="https://www.sainsburys.co.uk/shop/PromotionDisplayView?listId=2&amp;catalogId=10241&amp;productId=1329136&amp;langId=44&amp;storeId=10151&amp;promotionId=10664136"><!-- BEGIN include/PromotionStrapline.jspf -->Meal Deal for Â£5.00<br>

<!-- FINISH include/PromotionStrapline.jspf -->
                            </a>
                        </p>
                    
                        <p>
                            <a strapline="Meal Deal for Â£3.75 | 8001465" href="https://www.sainsburys.co.uk/shop/PromotionDisplayView?listId=2&amp;catalogId=10241&amp;productId=1329136&amp;langId=44&amp;storeId=10151&amp;promotionId=10669742">PLUS <!-- BEGIN include/PromotionStrapline.jspf -->Meal Deal for Â£3.75<br>

<!-- FINISH include/PromotionStrapline.jspf -->
                            </a>
                        </p>
                                
</div>

                    <div class="ThumbnailRoundel">
                    <!--ThumbnailRoundel --> 
                    </div>
                    <div class="promoBages">
                        <!-- PROMOTION -->
                    </div>


                    <!-- Review --><!-- BEGIN CatalogEntryRatingsReviewsInfo.jspf --><!-- productAllowedRatingsAndReviews: true -->
<div class="reviews">

    <a class="numberOfReviews" href="https://www.sainsburys.co.uk/shop/gb/groceries/product/details/walkers-roast-chicken-crisps-45g">
        <img src="//www.sainsburys.co.uk/wcsstore7.137.2/SainsburysStorefrontAssetStore/img/stars/rating-4_5.gif" alt="4.45" border="0">&nbsp; 
        Reviews (20)
    </a>

</div>
<!-- END CatalogEntryRatingsReviewsInfo.jspf -->
                </div>
                <!--ThumbnailRestriction -->
            </div>
            
            <div class="addToTrolleytabBox">
            <!-- addToTrolleytabBox LIST VIEW--><!-- Start UserSubscribedOrNot.jspf --><!-- Start UserSubscribedOrNot.jsp --><!-- 
    If the user is not logged in, render this opening 
    DIV adding an addtional class to fix the border top which is removed 
    and replaced by the tabs
-->
<div class="addToTrolleytabContainer addItemBorderTop">
<!-- End AddToSubscriptionList.jsp --><!-- End AddSubscriptionList.jspf --><!-- 
                    ATTENTION!!!
                    <div class="addToTrolleytabContainer">
                    This opening div is inside "../../ReusableObjects/UserSubscribedOrNot.jsp"
                    -->
                <div class="pricingAndTrolleyOptions">  
                    <div class="priceTab activeContainer priceTabContainer" id="addItem_1329137"> 
                        <div class="pricing">
                            
<p class="pricePerUnit">
Â£1.10 
</p>

<p class="pricePerMeasure">Â£2.44<abbr title="per">/</abbr>100<abbr title="gram"><span class="pricePerMeasureMeasure">g</span></abbr>
</p>

                                
                        </div>  
                          
                                    <div class="addToTrolleyForm ">   
                                        <!-- BEGIN AddToTrolley.jsp --><!-- fire an on add to bag here from  -->

<form class="addToTrolleyForm" name="OrderItemAddForm_1329136" action="OrderItemAdd" method="post" id="OrderItemAddForm_1329136">
    <input type="hidden" name="storeId" value="10151">
    <input type="hidden" name="langId" value="44">
    <input type="hidden" name="catalogId" value="10241">
    <input type="hidden" name="authToken" id="authToken1329136" value="-1002%2C3jIiHU%2F3lFc4jalpGDAhYOztAdQ%3D">
    
    
    <input type="hidden" name="errorViewName" value="PromotionDisplayView">
    <input type="hidden" name="SKU_ID" value="8001465">
    <input type="hidden" name="itemType" value="">
    <input type="hidden" name="parentSKU" value="">
    
    
       <input type="hidden" id="productCatentryId_1329137" value="1329136">
       <input type="hidden" id="catEntryId_1329136" value="1329137">
       <input type="hidden" name="ItemSKU_ID" value="8001465">
     
        
        <div class="quantity hidden" id="updateQtyPanelProduct_1329136" data-qty="">
            <ul>
                <li>
                    <a class="button decreaseQty " id="decreaseQty_1329136" href="#">-</a> 
                </li>
                <li>	
                    <label class="access" for="quantity_1329136">Quantity</label>						
                    <a href="#" class="button quantityPlp  " id="quantityUpdate_1329136">
                        </a>
                    <input name="quantity" id="quantity_1329136" type="hidden" size="3" value="" class="quantity">		        
                </li>
                <li>
                    
                    <a class="button increaseQty " id="increaseQty_1329136" href="#">+</a>
                </li>
            </ul>
        </div>				
            
        
            <input type="hidden" name="catEntryId" value="1329137">
        

        <input type="hidden" name="productId" value="1329136">
        

    <input type="hidden" name="URL" value="https://www.sainsburys.co.uk/webapp/wcs/stores/servlet/PromotionDisplayView?listId=2&amp;catalogId=10241&amp;productId=1117540&amp;langId=44&amp;storeId=10151&amp;promotionId=10669742">
    <input type="hidden" name="page" value="">
    <input type="hidden" name="contractId" value="">
    <input type="hidden" name="calculateOrder" value="1">
    <input type="hidden" name="calculationUsage" value="-1,-2,-3">
    <input type="hidden" name="updateable" value="1">
    <input type="hidden" name="merge" value="***">

                                  
            <input type="hidden" id="updateUrl_1329136" updateurlchild_1329137="AjaxOrderItemUpdate?calculateOrder=1&amp;itemType=&amp;ordItemUpdateFlag=0&amp;orderId=.&amp;updatePrices=1&amp;authToken=-1002%252C3jIiHU%252F3lFc4jalpGDAhYOztAdQ%253D&amp;calculationUsage=-1,-2,-3&amp;storeId=10151&amp;errorViewName=AjaxQuickCartDisplay&amp;URL=AjaxQuickCartDisplay&amp;catEntryId=1329137&amp;orderItemId_0=&amp;UOM_0=&amp;langId=44&amp;quantity_0=1">
            <input type="hidden" id="removeUrl_1329136" removeurlchild_1329137="AjaxOrderItemUpdate?calculateOrder=1&amp;itemType=&amp;productId=&amp;ordItemUpdateFlag=2&amp;orderId=.&amp;updatePrices=1&amp;authToken=-1002%252C3jIiHU%252F3lFc4jalpGDAhYOztAdQ%253D&amp;calculationUsage=-1,-2,-3&amp;storeId=10151&amp;errorViewName=AjaxQuickCartDisplay&amp;URL=AjaxQuickCartDisplay&amp;catEntryId=1329137&amp;productSKU=&amp;orderItemId_0=&amp;qtyDecremented=true&amp;langId=44&amp;quantity_0=0">           
         
       <input type="hidden" name="callAjax" value="false">
       
    
    <div class="add2Cart " id="addQtyPanelProduct_1329136">    
        
            <a class="button process addQty  " id="addQty_1329136" href="#">
                Add
            </a>

            <input type="hidden" name="Add" value="Add">
        
    </div>

</form>
<!-- END AddToTrolley.jsp -->
                                    </div>  
                                
                    </div><!-- END priceTabContainer Add container --><!-- Subscribe container --><!-- Start AddToSubscriptionList.jspf --><!-- Start AddToSubscriptionList.jsp --><!-- End AddToSubscriptionList.jsp --><!-- End AddToSubscriptionList.jspf --> 
                </div>  
            </div>  
        </div>
    </div>     
    </div> 
    <div id="additionalItems_1329137" class="additionalItems">
        <!-- BEGIN MerchandisingAssociationsDisplay.jsp --><!-- Start - JSP File Name:  MerchandisingAssociationsDisplay.jsp --><!-- END MerchandisingAssociationsDisplay.jsp -->  
    </div> 

<!-- END CatalogEntryThumbnailDisplay.jsp -->
                            </li>
                        
                            <li>
                                
                                                <div class="trolleySummary"><p class="saving">
                                                         <!-- %@ include file="../../include/PromotionStrapline.jspf"% -->
                                                </p></div>
                                            
                                                <div class="trolleySummary"><p class="saving">
                                                         <!-- %@ include file="../../include/PromotionStrapline.jspf"% -->
                                                </p></div>
                                            
                                                <div class="trolleySummary"><p class="saving">
                                                         <!-- %@ include file="../../include/PromotionStrapline.jspf"% -->
                                                </p></div>
                                            <!-- BEGIN CatalogEntryThumbnailDisplay.jsp -->
    <div class="product ">
        
        <div class="errorBanner hidden" id="error1326750"></div>
                        
        
        <div class="productInner">
            <div class="productInfoWrapper">
                <div class="productInfo">
                    
                            <h3>
                                <a href="https://www.sainsburys.co.uk/shop/gb/groceries/product/details/sainsburys-millionaires-slice-50g">
                                    Sainsbury's Millionaires Slice 50g
                                    <img src="https://assets.sainsburys-groceries.co.uk/gol/7999333/image.jpg" alt="">
                                </a>
                            </h3>
                        
<div class="promotion">

                        <p>
                            <a strapline="Meal Deal for Â£5.00 | 7999333" href="https://www.sainsburys.co.uk/shop/PromotionDisplayView?listId=2&amp;catalogId=10241&amp;productId=1326750&amp;langId=44&amp;storeId=10151&amp;promotionId=10664136"><!-- BEGIN include/PromotionStrapline.jspf -->Meal Deal for Â£5.00<br>

<!-- FINISH include/PromotionStrapline.jspf -->
                            </a>
                        </p>
                    
                        <p>
                            <a strapline="Meal Deal for Â£3.75 | 7999333" href="https://www.sainsburys.co.uk/shop/PromotionDisplayView?listId=2&amp;catalogId=10241&amp;productId=1326750&amp;langId=44&amp;storeId=10151&amp;promotionId=10669742">PLUS <!-- BEGIN include/PromotionStrapline.jspf -->Meal Deal for Â£3.75<br>

<!-- FINISH include/PromotionStrapline.jspf -->
                            </a>
                        </p>
                                
</div>

                    <div class="ThumbnailRoundel">
                    <!--ThumbnailRoundel --> 
                    </div>
                    <div class="promoBages">
                        <!-- PROMOTION -->
                    </div>


                    <!-- Review --><!-- BEGIN CatalogEntryRatingsReviewsInfo.jspf --><!-- productAllowedRatingsAndReviews: true -->
<div class="reviews">

    <a class="numberOfReviews" href="https://www.sainsburys.co.uk/shop/gb/groceries/product/details/sainsburys-millionaires-slice-50g">
        <img src="//www.sainsburys.co.uk/wcsstore7.137.2/SainsburysStorefrontAssetStore/img/stars/rating-4_6.gif" alt="4.6154" border="0">&nbsp; 
        Reviews (13)
    </a>

</div>
<!-- END CatalogEntryRatingsReviewsInfo.jspf -->
                </div>
                <!--ThumbnailRestriction -->
            </div>
            
            <div class="addToTrolleytabBox">
            <!-- addToTrolleytabBox LIST VIEW--><!-- Start UserSubscribedOrNot.jspf --><!-- Start UserSubscribedOrNot.jsp --><!-- 
    If the user is not logged in, render this opening 
    DIV adding an addtional class to fix the border top which is removed 
    and replaced by the tabs
-->
<div class="addToTrolleytabContainer addItemBorderTop">
<!-- End AddToSubscriptionList.jsp --><!-- End AddSubscriptionList.jspf --><!-- 
                    ATTENTION!!!
                    <div class="addToTrolleytabContainer">
                    This opening div is inside "../../ReusableObjects/UserSubscribedOrNot.jsp"
                    -->
                <div class="pricingAndTrolleyOptions">  
                    <div class="priceTab activeContainer priceTabContainer" id="addItem_1326751"> 
                        <div class="pricing">
                            
<p class="pricePerUnit">
Â£1.00 
</p>

<p class="pricePerMeasure">Â£20.00<abbr title="per">/</abbr><abbr title="kilogram"><span class="pricePerMeasureMeasure">kg</span></abbr>
</p>

                                
                        </div>  
                          
                                    <div class="addToTrolleyForm ">   
                                        <!-- BEGIN AddToTrolley.jsp --><!-- fire an on add to bag here from  -->

<form class="addToTrolleyForm" name="OrderItemAddForm_1326750" action="OrderItemAdd" method="post" id="OrderItemAddForm_1326750">
    <input type="hidden" name="storeId" value="10151">
    <input type="hidden" name="langId" value="44">
    <input type="hidden" name="catalogId" value="10241">
    <input type="hidden" name="authToken" id="authToken1326750" value="-1002%2C3jIiHU%2F3lFc4jalpGDAhYOztAdQ%3D">
    
    
    <input type="hidden" name="errorViewName" value="PromotionDisplayView">
    <input type="hidden" name="SKU_ID" value="7999333">
    <input type="hidden" name="itemType" value="">
    <input type="hidden" name="parentSKU" value="">
    
    
       <input type="hidden" id="productCatentryId_1326751" value="1326750">
       <input type="hidden" id="catEntryId_1326750" value="1326751">
       <input type="hidden" name="ItemSKU_ID" value="7999333">
     
        
        <div class="quantity hidden" id="updateQtyPanelProduct_1326750" data-qty="">
            <ul>
                <li>
                    <a class="button decreaseQty " id="decreaseQty_1326750" href="#">-</a> 
                </li>
                <li>	
                    <label class="access" for="quantity_1326750">Quantity</label>						
                    <a href="#" class="button quantityPlp  " id="quantityUpdate_1326750">
                        </a>
                    <input name="quantity" id="quantity_1326750" type="hidden" size="3" value="" class="quantity">		        
                </li>
                <li>
                    
                    <a class="button increaseQty " id="increaseQty_1326750" href="#">+</a>
                </li>
            </ul>
        </div>				
            
        
            <input type="hidden" name="catEntryId" value="1326751">
        

        <input type="hidden" name="productId" value="1326750">
        

    <input type="hidden" name="URL" value="https://www.sainsburys.co.uk/webapp/wcs/stores/servlet/PromotionDisplayView?listId=2&amp;catalogId=10241&amp;productId=1117540&amp;langId=44&amp;storeId=10151&amp;promotionId=10669742">
    <input type="hidden" name="page" value="">
    <input type="hidden" name="contractId" value="">
    <input type="hidden" name="calculateOrder" value="1">
    <input type="hidden" name="calculationUsage" value="-1,-2,-3">
    <input type="hidden" name="updateable" value="1">
    <input type="hidden" name="merge" value="***">

                                  
            <input type="hidden" id="updateUrl_1326750" updateurlchild_1326751="AjaxOrderItemUpdate?calculateOrder=1&amp;itemType=&amp;ordItemUpdateFlag=0&amp;orderId=.&amp;updatePrices=1&amp;authToken=-1002%252C3jIiHU%252F3lFc4jalpGDAhYOztAdQ%253D&amp;calculationUsage=-1,-2,-3&amp;storeId=10151&amp;errorViewName=AjaxQuickCartDisplay&amp;URL=AjaxQuickCartDisplay&amp;catEntryId=1326751&amp;orderItemId_0=&amp;UOM_0=&amp;langId=44&amp;quantity_0=1">
            <input type="hidden" id="removeUrl_1326750" removeurlchild_1326751="AjaxOrderItemUpdate?calculateOrder=1&amp;itemType=&amp;productId=&amp;ordItemUpdateFlag=2&amp;orderId=.&amp;updatePrices=1&amp;authToken=-1002%252C3jIiHU%252F3lFc4jalpGDAhYOztAdQ%253D&amp;calculationUsage=-1,-2,-3&amp;storeId=10151&amp;errorViewName=AjaxQuickCartDisplay&amp;URL=AjaxQuickCartDisplay&amp;catEntryId=1326751&amp;productSKU=&amp;orderItemId_0=&amp;qtyDecremented=true&amp;langId=44&amp;quantity_0=0">           
         
       <input type="hidden" name="callAjax" value="false">
       
    
    <div class="add2Cart " id="addQtyPanelProduct_1326750">    
        
            <a class="button process addQty  " id="addQty_1326750" href="#">
                Add
            </a>

            <input type="hidden" name="Add" value="Add">
        
    </div>

</form>
<!-- END AddToTrolley.jsp -->
                                    </div>  
                                
                    </div><!-- END priceTabContainer Add container --><!-- Subscribe container --><!-- Start AddToSubscriptionList.jspf --><!-- Start AddToSubscriptionList.jsp --><!-- End AddToSubscriptionList.jsp --><!-- End AddToSubscriptionList.jspf --> 
                </div>  
            </div>  
        </div>
    </div>     
    </div> 
    <div id="additionalItems_1326751" class="additionalItems">
        <!-- BEGIN MerchandisingAssociationsDisplay.jsp --><!-- Start - JSP File Name:  MerchandisingAssociationsDisplay.jsp --><!-- END MerchandisingAssociationsDisplay.jsp -->  
    </div> 

<!-- END CatalogEntryThumbnailDisplay.jsp -->
                            </li>
                        
                            <li>
                                
                                                <div class="trolleySummary"><p class="saving">
                                                         <!-- %@ include file="../../include/PromotionStrapline.jspf"% -->
                                                </p></div>
                                            
                                                <div class="trolleySummary"><p class="saving">
                                                         <!-- %@ include file="../../include/PromotionStrapline.jspf"% -->
                                                </p></div>
                                            
                                                <div class="trolleySummary"><p class="saving">
                                                         <!-- %@ include file="../../include/PromotionStrapline.jspf"% -->
                                                </p></div>
                                            <!-- BEGIN CatalogEntryThumbnailDisplay.jsp -->
    <div class="product ">
        
        <div class="errorBanner hidden" id="error812316"></div>
                        
        
        <div class="productInner">
            <div class="productInfoWrapper">
                <div class="productInfo">
                    
                            <h3>
                                <a href="https://www.sainsburys.co.uk/shop/gb/groceries/product/details/yorkie-original-milk-chocolate-bar-46g-7730980-p">
                                    Yorkie Original Milk Chocolate Bar 46g
                                    <img src="https://assets.sainsburys-groceries.co.uk/gol/7730980/image.jpg" alt="">
                                </a>
                            </h3>
                        
<div class="promotion">

                        <p>
                            <a strapline="Meal Deal for Â£5.00 | 7730980" href="https://www.sainsburys.co.uk/shop/PromotionDisplayView?listId=2&amp;catalogId=10241&amp;productId=812316&amp;langId=44&amp;storeId=10151&amp;promotionId=10664136"><!-- BEGIN include/PromotionStrapline.jspf -->Meal Deal for Â£5.00<br>

<!-- FINISH include/PromotionStrapline.jspf -->
                            </a>
                        </p>
                    
                        <p>
                            <a strapline="Meal Deal for Â£3.75 | 7730980" href="https://www.sainsburys.co.uk/shop/PromotionDisplayView?listId=2&amp;catalogId=10241&amp;productId=812316&amp;langId=44&amp;storeId=10151&amp;promotionId=10669742">PLUS <!-- BEGIN include/PromotionStrapline.jspf -->Meal Deal for Â£3.75<br>

<!-- FINISH include/PromotionStrapline.jspf -->
                            </a>
                        </p>
                                
</div>

                    <div class="ThumbnailRoundel">
                    <!--ThumbnailRoundel --> 
                    </div>
                    <div class="promoBages">
                        <!-- PROMOTION -->
                    </div>


                    <!-- Review --><!-- BEGIN CatalogEntryRatingsReviewsInfo.jspf --><!-- productAllowedRatingsAndReviews: true -->
<div class="reviews">

    <a class="numberOfReviews" href="https://www.sainsburys.co.uk/shop/gb/groceries/product/details/yorkie-original-milk-chocolate-bar-46g-7730980-p">
        <img src="//www.sainsburys.co.uk/wcsstore7.137.2/SainsburysStorefrontAssetStore/img/stars/rating-4_7.gif" alt="4.7" border="0">&nbsp; 
        Reviews (20)
    </a>

</div>
<!-- END CatalogEntryRatingsReviewsInfo.jspf -->
                </div>
                <!--ThumbnailRestriction -->
            </div>
            
            <div class="addToTrolleytabBox">
            <!-- addToTrolleytabBox LIST VIEW--><!-- Start UserSubscribedOrNot.jspf --><!-- Start UserSubscribedOrNot.jsp --><!-- 
    If the user is not logged in, render this opening 
    DIV adding an addtional class to fix the border top which is removed 
    and replaced by the tabs
-->
<div class="addToTrolleytabContainer addItemBorderTop">
<!-- End AddToSubscriptionList.jsp --><!-- End AddSubscriptionList.jspf --><!-- 
                    ATTENTION!!!
                    <div class="addToTrolleytabContainer">
                    This opening div is inside "../../ReusableObjects/UserSubscribedOrNot.jsp"
                    -->
                <div class="pricingAndTrolleyOptions">  
                    <div class="priceTab activeContainer priceTabContainer" id="addItem_812317"> 
                        <div class="pricing">
                            
<p class="pricePerUnit">
95p 
</p>

<p class="pricePerMeasure">Â£2.07<abbr title="per">/</abbr>100<abbr title="gram"><span class="pricePerMeasureMeasure">g</span></abbr>
</p>

                                
                        </div>  
                          
                                    <div class="addToTrolleyForm ">   
                                        <!-- BEGIN AddToTrolley.jsp --><!-- fire an on add to bag here from  -->

<form class="addToTrolleyForm" name="OrderItemAddForm_812316" action="OrderItemAdd" method="post" id="OrderItemAddForm_812316">
    <input type="hidden" name="storeId" value="10151">
    <input type="hidden" name="langId" value="44">
    <input type="hidden" name="catalogId" value="10241">
    <input type="hidden" name="authToken" id="authToken812316" value="-1002%2C3jIiHU%2F3lFc4jalpGDAhYOztAdQ%3D">
    
    
    <input type="hidden" name="errorViewName" value="PromotionDisplayView">
    <input type="hidden" name="SKU_ID" value="7730980">
    <input type="hidden" name="itemType" value="">
    <input type="hidden" name="parentSKU" value="">
    
    
       <input type="hidden" id="productCatentryId_812317" value="812316">
       <input type="hidden" id="catEntryId_812316" value="812317">
       <input type="hidden" name="ItemSKU_ID" value="7730980">
     
        
        <div class="quantity hidden" id="updateQtyPanelProduct_812316" data-qty="">
            <ul>
                <li>
                    <a class="button decreaseQty " id="decreaseQty_812316" href="#">-</a> 
                </li>
                <li>	
                    <label class="access" for="quantity_812316">Quantity</label>						
                    <a href="#" class="button quantityPlp  " id="quantityUpdate_812316">
                        </a>
                    <input name="quantity" id="quantity_812316" type="hidden" size="3" value="" class="quantity">		        
                </li>
                <li>
                    
                    <a class="button increaseQty " id="increaseQty_812316" href="#">+</a>
                </li>
            </ul>
        </div>				
            
        
            <input type="hidden" name="catEntryId" value="812317">
        

        <input type="hidden" name="productId" value="812316">
        

    <input type="hidden" name="URL" value="https://www.sainsburys.co.uk/webapp/wcs/stores/servlet/PromotionDisplayView?listId=2&amp;catalogId=10241&amp;productId=1117540&amp;langId=44&amp;storeId=10151&amp;promotionId=10669742">
    <input type="hidden" name="page" value="">
    <input type="hidden" name="contractId" value="">
    <input type="hidden" name="calculateOrder" value="1">
    <input type="hidden" name="calculationUsage" value="-1,-2,-3">
    <input type="hidden" name="updateable" value="1">
    <input type="hidden" name="merge" value="***">

                                  
            <input type="hidden" id="updateUrl_812316" updateurlchild_812317="AjaxOrderItemUpdate?calculateOrder=1&amp;itemType=&amp;ordItemUpdateFlag=0&amp;orderId=.&amp;updatePrices=1&amp;authToken=-1002%252C3jIiHU%252F3lFc4jalpGDAhYOztAdQ%253D&amp;calculationUsage=-1,-2,-3&amp;storeId=10151&amp;errorViewName=AjaxQuickCartDisplay&amp;URL=AjaxQuickCartDisplay&amp;catEntryId=812317&amp;orderItemId_0=&amp;UOM_0=&amp;langId=44&amp;quantity_0=1">
            <input type="hidden" id="removeUrl_812316" removeurlchild_812317="AjaxOrderItemUpdate?calculateOrder=1&amp;itemType=&amp;productId=&amp;ordItemUpdateFlag=2&amp;orderId=.&amp;updatePrices=1&amp;authToken=-1002%252C3jIiHU%252F3lFc4jalpGDAhYOztAdQ%253D&amp;calculationUsage=-1,-2,-3&amp;storeId=10151&amp;errorViewName=AjaxQuickCartDisplay&amp;URL=AjaxQuickCartDisplay&amp;catEntryId=812317&amp;productSKU=&amp;orderItemId_0=&amp;qtyDecremented=true&amp;langId=44&amp;quantity_0=0">           
         
       <input type="hidden" name="callAjax" value="false">
       
    
    <div class="add2Cart " id="addQtyPanelProduct_812316">    
        
            <a class="button process addQty  " id="addQty_812316" href="#">
                Add
            </a>

            <input type="hidden" name="Add" value="Add">
        
    </div>

</form>
<!-- END AddToTrolley.jsp -->
                                    </div>  
                                
                    </div><!-- END priceTabContainer Add container --><!-- Subscribe container --><!-- Start AddToSubscriptionList.jspf --><!-- Start AddToSubscriptionList.jsp --><!-- End AddToSubscriptionList.jsp --><!-- End AddToSubscriptionList.jspf --> 
                </div>  
            </div>  
        </div>
    </div>     
    </div> 
    <div id="additionalItems_812317" class="additionalItems">
        <!-- BEGIN MerchandisingAssociationsDisplay.jsp --><!-- Start - JSP File Name:  MerchandisingAssociationsDisplay.jsp --><!-- END MerchandisingAssociationsDisplay.jsp -->  
    </div> 

<!-- END CatalogEntryThumbnailDisplay.jsp -->
                            </li>
                        
                            <li>
                                
                                                <div class="trolleySummary"><p class="saving">
                                                         <!-- %@ include file="../../include/PromotionStrapline.jspf"% -->
                                                </p></div>
                                            
                                                <div class="trolleySummary"><p class="saving">
                                                         <!-- %@ include file="../../include/PromotionStrapline.jspf"% -->
                                                </p></div>
                                            
                                                <div class="trolleySummary"><p class="saving">
                                                         <!-- %@ include file="../../include/PromotionStrapline.jspf"% -->
                                                </p></div>
                                            <!-- BEGIN CatalogEntryThumbnailDisplay.jsp -->
    <div class="product ">
        
        <div class="errorBanner hidden" id="error967990"></div>
                        
        
        <div class="productInner">
            <div class="productInfoWrapper">
                <div class="productInfo">
                    
                            <h3>
                                <a href="https://www.sainsburys.co.uk/shop/gb/groceries/product/details/monster-munch-roast-beef-40g-7067811-p-44">
                                    Mega Monster Munch Roast Beef Snacks Crisps 40g
                                    <img src="https://assets.sainsburys-groceries.co.uk/gol/7067811/image.jpg" alt="">
                                </a>
                            </h3>
                        
<div class="promotion">

                        <p>
                            <a strapline="Meal Deal for Â£5.00 | 7067811" href="https://www.sainsburys.co.uk/shop/PromotionDisplayView?listId=2&amp;catalogId=10241&amp;productId=967990&amp;langId=44&amp;storeId=10151&amp;promotionId=10664136"><!-- BEGIN include/PromotionStrapline.jspf -->Meal Deal for Â£5.00<br>

<!-- FINISH include/PromotionStrapline.jspf -->
                            </a>
                        </p>
                    
                        <p>
                            <a strapline="Meal Deal for Â£3.75 | 7067811" href="https://www.sainsburys.co.uk/shop/PromotionDisplayView?listId=2&amp;catalogId=10241&amp;productId=967990&amp;langId=44&amp;storeId=10151&amp;promotionId=10669742">PLUS <!-- BEGIN include/PromotionStrapline.jspf -->Meal Deal for Â£3.75<br>

<!-- FINISH include/PromotionStrapline.jspf -->
                            </a>
                        </p>
                                
</div>

                    <div class="ThumbnailRoundel">
                    <!--ThumbnailRoundel --> 
                    </div>
                    <div class="promoBages">
                        <!-- PROMOTION -->
                    </div>


                    <!-- Review --><!-- BEGIN CatalogEntryRatingsReviewsInfo.jspf --><!-- productAllowedRatingsAndReviews: true -->
<div class="reviews">

    <a class="numberOfReviews" href="https://www.sainsburys.co.uk/shop/gb/groceries/product/details/monster-munch-roast-beef-40g-7067811-p-44">
        <img src="//www.sainsburys.co.uk/wcsstore7.137.2/SainsburysStorefrontAssetStore/img/stars/rating-5_0.gif" alt="5.0" border="0">&nbsp; 
        Reviews (2)
    </a>

</div>
<!-- END CatalogEntryRatingsReviewsInfo.jspf -->
                </div>
                <!--ThumbnailRestriction -->
            </div>
            
            <div class="addToTrolleytabBox">
            <!-- addToTrolleytabBox LIST VIEW--><!-- Start UserSubscribedOrNot.jspf --><!-- Start UserSubscribedOrNot.jsp --><!-- 
    If the user is not logged in, render this opening 
    DIV adding an addtional class to fix the border top which is removed 
    and replaced by the tabs
-->
<div class="addToTrolleytabContainer addItemBorderTop">
<!-- End AddToSubscriptionList.jsp --><!-- End AddSubscriptionList.jspf --><!-- 
                    ATTENTION!!!
                    <div class="addToTrolleytabContainer">
                    This opening div is inside "../../ReusableObjects/UserSubscribedOrNot.jsp"
                    -->
                <div class="pricingAndTrolleyOptions">  
                    <div class="priceTab activeContainer priceTabContainer" id="addItem_967991"> 
                        <div class="pricing">
                            
<p class="pricePerUnit">
Â£1.10 
</p>

<p class="pricePerMeasure">Â£2.75<abbr title="per">/</abbr>100<abbr title="gram"><span class="pricePerMeasureMeasure">g</span></abbr>
</p>

                                
                        </div>  
                          
                                    <div class="addToTrolleyForm ">   
                                        <!-- BEGIN AddToTrolley.jsp --><!-- fire an on add to bag here from  -->

<form class="addToTrolleyForm" name="OrderItemAddForm_967990" action="OrderItemAdd" method="post" id="OrderItemAddForm_967990">
    <input type="hidden" name="storeId" value="10151">
    <input type="hidden" name="langId" value="44">
    <input type="hidden" name="catalogId" value="10241">
    <input type="hidden" name="authToken" id="authToken967990" value="-1002%2C3jIiHU%2F3lFc4jalpGDAhYOztAdQ%3D">
    
    
    <input type="hidden" name="errorViewName" value="PromotionDisplayView">
    <input type="hidden" name="SKU_ID" value="7067811">
    <input type="hidden" name="itemType" value="">
    <input type="hidden" name="parentSKU" value="">
    
    
       <input type="hidden" id="productCatentryId_967991" value="967990">
       <input type="hidden" id="catEntryId_967990" value="967991">
       <input type="hidden" name="ItemSKU_ID" value="7067811">
     
        
        <div class="quantity hidden" id="updateQtyPanelProduct_967990" data-qty="">
            <ul>
                <li>
                    <a class="button decreaseQty " id="decreaseQty_967990" href="#">-</a> 
                </li>
                <li>	
                    <label class="access" for="quantity_967990">Quantity</label>						
                    <a href="#" class="button quantityPlp  " id="quantityUpdate_967990">
                        </a>
                    <input name="quantity" id="quantity_967990" type="hidden" size="3" value="" class="quantity">		        
                </li>
                <li>
                    
                    <a class="button increaseQty " id="increaseQty_967990" href="#">+</a>
                </li>
            </ul>
        </div>				
            
        
            <input type="hidden" name="catEntryId" value="967991">
        

        <input type="hidden" name="productId" value="967990">
        

    <input type="hidden" name="URL" value="https://www.sainsburys.co.uk/webapp/wcs/stores/servlet/PromotionDisplayView?listId=2&amp;catalogId=10241&amp;productId=1117540&amp;langId=44&amp;storeId=10151&amp;promotionId=10669742">
    <input type="hidden" name="page" value="">
    <input type="hidden" name="contractId" value="">
    <input type="hidden" name="calculateOrder" value="1">
    <input type="hidden" name="calculationUsage" value="-1,-2,-3">
    <input type="hidden" name="updateable" value="1">
    <input type="hidden" name="merge" value="***">

                                  
            <input type="hidden" id="updateUrl_967990" updateurlchild_967991="AjaxOrderItemUpdate?calculateOrder=1&amp;itemType=&amp;ordItemUpdateFlag=0&amp;orderId=.&amp;updatePrices=1&amp;authToken=-1002%252C3jIiHU%252F3lFc4jalpGDAhYOztAdQ%253D&amp;calculationUsage=-1,-2,-3&amp;storeId=10151&amp;errorViewName=AjaxQuickCartDisplay&amp;URL=AjaxQuickCartDisplay&amp;catEntryId=967991&amp;orderItemId_0=&amp;UOM_0=&amp;langId=44&amp;quantity_0=1">
            <input type="hidden" id="removeUrl_967990" removeurlchild_967991="AjaxOrderItemUpdate?calculateOrder=1&amp;itemType=&amp;productId=&amp;ordItemUpdateFlag=2&amp;orderId=.&amp;updatePrices=1&amp;authToken=-1002%252C3jIiHU%252F3lFc4jalpGDAhYOztAdQ%253D&amp;calculationUsage=-1,-2,-3&amp;storeId=10151&amp;errorViewName=AjaxQuickCartDisplay&amp;URL=AjaxQuickCartDisplay&amp;catEntryId=967991&amp;productSKU=&amp;orderItemId_0=&amp;qtyDecremented=true&amp;langId=44&amp;quantity_0=0">           
         
       <input type="hidden" name="callAjax" value="false">
       
    
    <div class="add2Cart " id="addQtyPanelProduct_967990">    
        
            <a class="button process addQty  " id="addQty_967990" href="#">
                Add
            </a>

            <input type="hidden" name="Add" value="Add">
        
    </div>

</form>
<!-- END AddToTrolley.jsp -->
                                    </div>  
                                
                    </div><!-- END priceTabContainer Add container --><!-- Subscribe container --><!-- Start AddToSubscriptionList.jspf --><!-- Start AddToSubscriptionList.jsp --><!-- End AddToSubscriptionList.jsp --><!-- End AddToSubscriptionList.jspf --> 
                </div>  
            </div>  
        </div>
    </div>     
    </div> 
    <div id="additionalItems_967991" class="additionalItems">
        <!-- BEGIN MerchandisingAssociationsDisplay.jsp --><!-- Start - JSP File Name:  MerchandisingAssociationsDisplay.jsp --><!-- END MerchandisingAssociationsDisplay.jsp -->  
    </div> 

<!-- END CatalogEntryThumbnailDisplay.jsp -->
                            </li>
                        
                            <li>
                                
                                                <div class="trolleySummary"><p class="saving">
                                                         <!-- %@ include file="../../include/PromotionStrapline.jspf"% -->
                                                </p></div>
                                            
                                                <div class="trolleySummary"><p class="saving">
                                                         <!-- %@ include file="../../include/PromotionStrapline.jspf"% -->
                                                </p></div>
                                            
                                                <div class="trolleySummary"><p class="saving">
                                                         <!-- %@ include file="../../include/PromotionStrapline.jspf"% -->
                                                </p></div>
                                            <!-- BEGIN CatalogEntryThumbnailDisplay.jsp -->
    <div class="product ">
        
        <div class="errorBanner hidden" id="error1045904"></div>
                        
        
        <div class="productInner">
            <div class="productInfoWrapper">
                <div class="productInfo">
                    
                            <h3>
                                <a href="https://www.sainsburys.co.uk/shop/gb/groceries/product/details/sainsburys-food-to-go-mango-25g">
                                    Sainsbury's Food To Go Mango 25g
                                    <img src="https://assets.sainsburys-groceries.co.uk/gol/7809060/image.jpg" alt="">
                                </a>
                            </h3>
                        
<div class="promotion">

                        <p>
                            <a strapline="Meal Deal for Â£5.00 | 7809060" href="https://www.sainsburys.co.uk/shop/PromotionDisplayView?listId=2&amp;catalogId=10241&amp;productId=1045904&amp;langId=44&amp;storeId=10151&amp;promotionId=10664136"><!-- BEGIN include/PromotionStrapline.jspf -->Meal Deal for Â£5.00<br>

<!-- FINISH include/PromotionStrapline.jspf -->
                            </a>
                        </p>
                    
                        <p>
                            <a strapline="Meal Deal for Â£3.75 | 7809060" href="https://www.sainsburys.co.uk/shop/PromotionDisplayView?listId=2&amp;catalogId=10241&amp;productId=1045904&amp;langId=44&amp;storeId=10151&amp;promotionId=10669742">PLUS <!-- BEGIN include/PromotionStrapline.jspf -->Meal Deal for Â£3.75<br>

<!-- FINISH include/PromotionStrapline.jspf -->
                            </a>
                        </p>
                                
</div>

                    <div class="ThumbnailRoundel">
                    <!--ThumbnailRoundel --> 
                    </div>
                    <div class="promoBages">
                        <!-- PROMOTION -->
                    </div>


                    <!-- Review --><!-- BEGIN CatalogEntryRatingsReviewsInfo.jspf --><!-- productAllowedRatingsAndReviews: true -->
<div class="reviews">

    <a class="numberOfReviews" href="https://www.sainsburys.co.uk/shop/gb/groceries/product/details/sainsburys-food-to-go-mango-25g">
        <img src="//www.sainsburys.co.uk/wcsstore7.137.2/SainsburysStorefrontAssetStore/img/stars/rating-5_0.gif" alt="5.0" border="0">&nbsp; 
        Reviews (2)
    </a>

</div>
<!-- END CatalogEntryRatingsReviewsInfo.jspf -->
                </div>
                <!--ThumbnailRestriction -->
            </div>
            
            <div class="addToTrolleytabBox">
            <!-- addToTrolleytabBox LIST VIEW--><!-- Start UserSubscribedOrNot.jspf --><!-- Start UserSubscribedOrNot.jsp --><!-- 
    If the user is not logged in, render this opening 
    DIV adding an addtional class to fix the border top which is removed 
    and replaced by the tabs
-->
<div class="addToTrolleytabContainer addItemBorderTop">
<!-- End AddToSubscriptionList.jsp --><!-- End AddSubscriptionList.jspf --><!-- 
                    ATTENTION!!!
                    <div class="addToTrolleytabContainer">
                    This opening div is inside "../../ReusableObjects/UserSubscribedOrNot.jsp"
                    -->
                <div class="pricingAndTrolleyOptions">  
                    <div class="priceTab activeContainer priceTabContainer" id="addItem_1045905"> 
                        <div class="pricing">
                            
<p class="pricePerUnit">
80p 
</p>

<p class="pricePerMeasure">Â£3.20<abbr title="per">/</abbr>100<abbr title="gram"><span class="pricePerMeasureMeasure">g</span></abbr>
</p>

                                
                        </div>  
                          
                                    <div class="addToTrolleyForm ">   
                                        <!-- BEGIN AddToTrolley.jsp --><!-- fire an on add to bag here from  -->

<form class="addToTrolleyForm" name="OrderItemAddForm_1045904" action="OrderItemAdd" method="post" id="OrderItemAddForm_1045904">
    <input type="hidden" name="storeId" value="10151">
    <input type="hidden" name="langId" value="44">
    <input type="hidden" name="catalogId" value="10241">
    <input type="hidden" name="authToken" id="authToken1045904" value="-1002%2C3jIiHU%2F3lFc4jalpGDAhYOztAdQ%3D">
    
    
    <input type="hidden" name="errorViewName" value="PromotionDisplayView">
    <input type="hidden" name="SKU_ID" value="7809060">
    <input type="hidden" name="itemType" value="">
    <input type="hidden" name="parentSKU" value="">
    
    
       <input type="hidden" id="productCatentryId_1045905" value="1045904">
       <input type="hidden" id="catEntryId_1045904" value="1045905">
       <input type="hidden" name="ItemSKU_ID" value="7809060">
     
        
        <div class="quantity hidden" id="updateQtyPanelProduct_1045904" data-qty="">
            <ul>
                <li>
                    <a class="button decreaseQty " id="decreaseQty_1045904" href="#">-</a> 
                </li>
                <li>	
                    <label class="access" for="quantity_1045904">Quantity</label>						
                    <a href="#" class="button quantityPlp  " id="quantityUpdate_1045904">
                        </a>
                    <input name="quantity" id="quantity_1045904" type="hidden" size="3" value="" class="quantity">		        
                </li>
                <li>
                    
                    <a class="button increaseQty " id="increaseQty_1045904" href="#">+</a>
                </li>
            </ul>
        </div>				
            
        
            <input type="hidden" name="catEntryId" value="1045905">
        

        <input type="hidden" name="productId" value="1045904">
        

    <input type="hidden" name="URL" value="https://www.sainsburys.co.uk/webapp/wcs/stores/servlet/PromotionDisplayView?listId=2&amp;catalogId=10241&amp;productId=1117540&amp;langId=44&amp;storeId=10151&amp;promotionId=10669742">
    <input type="hidden" name="page" value="">
    <input type="hidden" name="contractId" value="">
    <input type="hidden" name="calculateOrder" value="1">
    <input type="hidden" name="calculationUsage" value="-1,-2,-3">
    <input type="hidden" name="updateable" value="1">
    <input type="hidden" name="merge" value="***">

                                  
            <input type="hidden" id="updateUrl_1045904" updateurlchild_1045905="AjaxOrderItemUpdate?calculateOrder=1&amp;itemType=&amp;ordItemUpdateFlag=0&amp;orderId=.&amp;updatePrices=1&amp;authToken=-1002%252C3jIiHU%252F3lFc4jalpGDAhYOztAdQ%253D&amp;calculationUsage=-1,-2,-3&amp;storeId=10151&amp;errorViewName=AjaxQuickCartDisplay&amp;URL=AjaxQuickCartDisplay&amp;catEntryId=1045905&amp;orderItemId_0=&amp;UOM_0=&amp;langId=44&amp;quantity_0=1">
            <input type="hidden" id="removeUrl_1045904" removeurlchild_1045905="AjaxOrderItemUpdate?calculateOrder=1&amp;itemType=&amp;productId=&amp;ordItemUpdateFlag=2&amp;orderId=.&amp;updatePrices=1&amp;authToken=-1002%252C3jIiHU%252F3lFc4jalpGDAhYOztAdQ%253D&amp;calculationUsage=-1,-2,-3&amp;storeId=10151&amp;errorViewName=AjaxQuickCartDisplay&amp;URL=AjaxQuickCartDisplay&amp;catEntryId=1045905&amp;productSKU=&amp;orderItemId_0=&amp;qtyDecremented=true&amp;langId=44&amp;quantity_0=0">           
         
       <input type="hidden" name="callAjax" value="false">
       
    
    <div class="add2Cart " id="addQtyPanelProduct_1045904">    
        
            <a class="button process addQty  " id="addQty_1045904" href="#">
                Add
            </a>

            <input type="hidden" name="Add" value="Add">
        
    </div>

</form>
<!-- END AddToTrolley.jsp -->
                                    </div>  
                                
                    </div><!-- END priceTabContainer Add container --><!-- Subscribe container --><!-- Start AddToSubscriptionList.jspf --><!-- Start AddToSubscriptionList.jsp --><!-- End AddToSubscriptionList.jsp --><!-- End AddToSubscriptionList.jspf --> 
                </div>  
            </div>  
        </div>
    </div>     
    </div> 
    <div id="additionalItems_1045905" class="additionalItems">
        <!-- BEGIN MerchandisingAssociationsDisplay.jsp --><!-- Start - JSP File Name:  MerchandisingAssociationsDisplay.jsp --><!-- END MerchandisingAssociationsDisplay.jsp -->  
    </div> 

<!-- END CatalogEntryThumbnailDisplay.jsp -->
                            </li>
                        
                            <li>
                                
                                                <div class="trolleySummary"><p class="saving">
                                                         <!-- %@ include file="../../include/PromotionStrapline.jspf"% -->
                                                </p></div>
                                            
                                                <div class="trolleySummary"><p class="saving">
                                                         <!-- %@ include file="../../include/PromotionStrapline.jspf"% -->
                                                </p></div>
                                            
                                                <div class="trolleySummary"><p class="saving">
                                                         <!-- %@ include file="../../include/PromotionStrapline.jspf"% -->
                                                </p></div>
                                            <!-- BEGIN CatalogEntryThumbnailDisplay.jsp -->
    <div class="product ">
        
        <div class="errorBanner hidden" id="error1045900"></div>
                        
        
        <div class="productInner">
            <div class="productInfoWrapper">
                <div class="productInfo">
                    
                            <h3>
                                <a href="https://www.sainsburys.co.uk/shop/gb/groceries/product/details/sainsburys-on-the-go-nut-medley-20g">
                                    Sainsbury's On the Go Nut Medley 20g
                                    <img src="https://assets.sainsburys-groceries.co.uk/gol/7809050/image.jpg" alt="">
                                </a>
                            </h3>
                        
<div class="promotion">

                        <p>
                            <a strapline="Meal Deal for Â£5.00 | 7809050" href="https://www.sainsburys.co.uk/shop/PromotionDisplayView?listId=2&amp;catalogId=10241&amp;productId=1045900&amp;langId=44&amp;storeId=10151&amp;promotionId=10664136"><!-- BEGIN include/PromotionStrapline.jspf -->Meal Deal for Â£5.00<br>

<!-- FINISH include/PromotionStrapline.jspf -->
                            </a>
                        </p>
                    
                        <p>
                            <a strapline="Meal Deal for Â£3.75 | 7809050" href="https://www.sainsburys.co.uk/shop/PromotionDisplayView?listId=2&amp;catalogId=10241&amp;productId=1045900&amp;langId=44&amp;storeId=10151&amp;promotionId=10669742">PLUS <!-- BEGIN include/PromotionStrapline.jspf -->Meal Deal for Â£3.75<br>

<!-- FINISH include/PromotionStrapline.jspf -->
                            </a>
                        </p>
                                
</div>

                    <div class="ThumbnailRoundel">
                    <!--ThumbnailRoundel --> 
                    </div>
                    <div class="promoBages">
                        <!-- PROMOTION -->
                    </div>


                    <!-- Review --><!-- BEGIN CatalogEntryRatingsReviewsInfo.jspf --><!-- productAllowedRatingsAndReviews: true -->
<div class="reviews">

    <a class="numberOfReviews" href="https://www.sainsburys.co.uk/shop/gb/groceries/product/details/sainsburys-on-the-go-nut-medley-20g">
        <img src="//www.sainsburys.co.uk/wcsstore7.137.2/SainsburysStorefrontAssetStore/img/stars/rating-4_5.gif" alt="4.5" border="0">&nbsp; 
        Reviews (2)
    </a>

</div>
<!-- END CatalogEntryRatingsReviewsInfo.jspf -->
                </div>
                <!--ThumbnailRestriction -->
            </div>
            
            <div class="addToTrolleytabBox">
            <!-- addToTrolleytabBox LIST VIEW--><!-- Start UserSubscribedOrNot.jspf --><!-- Start UserSubscribedOrNot.jsp --><!-- 
    If the user is not logged in, render this opening 
    DIV adding an addtional class to fix the border top which is removed 
    and replaced by the tabs
-->
<div class="addToTrolleytabContainer addItemBorderTop">
<!-- End AddToSubscriptionList.jsp --><!-- End AddSubscriptionList.jspf --><!-- 
                    ATTENTION!!!
                    <div class="addToTrolleytabContainer">
                    This opening div is inside "../../ReusableObjects/UserSubscribedOrNot.jsp"
                    -->
                <div class="pricingAndTrolleyOptions">  
                    <div class="priceTab activeContainer priceTabContainer" id="addItem_1045901"> 
                        <div class="pricing">
                            
<p class="pricePerUnit">
80p 
</p>

<p class="pricePerMeasure">Â£4.00<abbr title="per">/</abbr>100<abbr title="gram"><span class="pricePerMeasureMeasure">g</span></abbr>
</p>

                                
                        </div>  
                          
                                    <div class="addToTrolleyForm ">   
                                        <!-- BEGIN AddToTrolley.jsp --><!-- fire an on add to bag here from  -->

<form class="addToTrolleyForm" name="OrderItemAddForm_1045900" action="OrderItemAdd" method="post" id="OrderItemAddForm_1045900">
    <input type="hidden" name="storeId" value="10151">
    <input type="hidden" name="langId" value="44">
    <input type="hidden" name="catalogId" value="10241">
    <input type="hidden" name="authToken" id="authToken1045900" value="-1002%2C3jIiHU%2F3lFc4jalpGDAhYOztAdQ%3D">
    
    
    <input type="hidden" name="errorViewName" value="PromotionDisplayView">
    <input type="hidden" name="SKU_ID" value="7809050">
    <input type="hidden" name="itemType" value="">
    <input type="hidden" name="parentSKU" value="">
    
    
       <input type="hidden" id="productCatentryId_1045901" value="1045900">
       <input type="hidden" id="catEntryId_1045900" value="1045901">
       <input type="hidden" name="ItemSKU_ID" value="7809050">
     
        
        <div class="quantity hidden" id="updateQtyPanelProduct_1045900" data-qty="">
            <ul>
                <li>
                    <a class="button decreaseQty " id="decreaseQty_1045900" href="#">-</a> 
                </li>
                <li>	
                    <label class="access" for="quantity_1045900">Quantity</label>						
                    <a href="#" class="button quantityPlp  " id="quantityUpdate_1045900">
                        </a>
                    <input name="quantity" id="quantity_1045900" type="hidden" size="3" value="" class="quantity">		        
                </li>
                <li>
                    
                    <a class="button increaseQty " id="increaseQty_1045900" href="#">+</a>
                </li>
            </ul>
        </div>				
            
        
            <input type="hidden" name="catEntryId" value="1045901">
        

        <input type="hidden" name="productId" value="1045900">
        

    <input type="hidden" name="URL" value="https://www.sainsburys.co.uk/webapp/wcs/stores/servlet/PromotionDisplayView?listId=2&amp;catalogId=10241&amp;productId=1117540&amp;langId=44&amp;storeId=10151&amp;promotionId=10669742">
    <input type="hidden" name="page" value="">
    <input type="hidden" name="contractId" value="">
    <input type="hidden" name="calculateOrder" value="1">
    <input type="hidden" name="calculationUsage" value="-1,-2,-3">
    <input type="hidden" name="updateable" value="1">
    <input type="hidden" name="merge" value="***">

                                  
            <input type="hidden" id="updateUrl_1045900" updateurlchild_1045901="AjaxOrderItemUpdate?calculateOrder=1&amp;itemType=&amp;ordItemUpdateFlag=0&amp;orderId=.&amp;updatePrices=1&amp;authToken=-1002%252C3jIiHU%252F3lFc4jalpGDAhYOztAdQ%253D&amp;calculationUsage=-1,-2,-3&amp;storeId=10151&amp;errorViewName=AjaxQuickCartDisplay&amp;URL=AjaxQuickCartDisplay&amp;catEntryId=1045901&amp;orderItemId_0=&amp;UOM_0=&amp;langId=44&amp;quantity_0=1">
            <input type="hidden" id="removeUrl_1045900" removeurlchild_1045901="AjaxOrderItemUpdate?calculateOrder=1&amp;itemType=&amp;productId=&amp;ordItemUpdateFlag=2&amp;orderId=.&amp;updatePrices=1&amp;authToken=-1002%252C3jIiHU%252F3lFc4jalpGDAhYOztAdQ%253D&amp;calculationUsage=-1,-2,-3&amp;storeId=10151&amp;errorViewName=AjaxQuickCartDisplay&amp;URL=AjaxQuickCartDisplay&amp;catEntryId=1045901&amp;productSKU=&amp;orderItemId_0=&amp;qtyDecremented=true&amp;langId=44&amp;quantity_0=0">           
         
       <input type="hidden" name="callAjax" value="false">
       
    
    <div class="add2Cart " id="addQtyPanelProduct_1045900">    
        
            <a class="button process addQty  " id="addQty_1045900" href="#">
                Add
            </a>

            <input type="hidden" name="Add" value="Add">
        
    </div>

</form>
<!-- END AddToTrolley.jsp -->
                                    </div>  
                                
                    </div><!-- END priceTabContainer Add container --><!-- Subscribe container --><!-- Start AddToSubscriptionList.jspf --><!-- Start AddToSubscriptionList.jsp --><!-- End AddToSubscriptionList.jsp --><!-- End AddToSubscriptionList.jspf --> 
                </div>  
            </div>  
        </div>
    </div>     
    </div> 
    <div id="additionalItems_1045901" class="additionalItems">
        <!-- BEGIN MerchandisingAssociationsDisplay.jsp --><!-- Start - JSP File Name:  MerchandisingAssociationsDisplay.jsp --><!-- END MerchandisingAssociationsDisplay.jsp -->  
    </div> 

<!-- END CatalogEntryThumbnailDisplay.jsp -->
                            </li>
                        
                            <li>
                                
                                                <div class="trolleySummary"><p class="saving">
                                                         <!-- %@ include file="../../include/PromotionStrapline.jspf"% -->
                                                </p></div>
                                            
                                                <div class="trolleySummary"><p class="saving">
                                                         <!-- %@ include file="../../include/PromotionStrapline.jspf"% -->
                                                </p></div>
                                            
                                                <div class="trolleySummary"><p class="saving">
                                                         <!-- %@ include file="../../include/PromotionStrapline.jspf"% -->
                                                </p></div>
                                            <!-- BEGIN CatalogEntryThumbnailDisplay.jsp -->
    <div class="product ">
        
        <div class="errorBanner hidden" id="error22370"></div>
                        
        
        <div class="productInner">
            <div class="productInfoWrapper">
                <div class="productInfo">
                    
                            <h3>
                                <a href="https://www.sainsburys.co.uk/shop/gb/groceries/product/details/kelloggs-rice-krispies-squares-marshmallow-28g">
                                    Kellogg's Rice Krispies Squares Marshmallow 28g
                                    <img src="https://assets.sainsburys-groceries.co.uk/gol/6662001/image.jpg" alt="">
                                </a>
                            </h3>
                        
<div class="promotion">

                        <p>
                            <a strapline="Meal Deal for Â£5.00 | 6662001" href="https://www.sainsburys.co.uk/shop/PromotionDisplayView?listId=2&amp;catalogId=10241&amp;productId=22370&amp;langId=44&amp;storeId=10151&amp;promotionId=10664136"><!-- BEGIN include/PromotionStrapline.jspf -->Meal Deal for Â£5.00<br>

<!-- FINISH include/PromotionStrapline.jspf -->
                            </a>
                        </p>
                    
                        <p>
                            <a strapline="Meal Deal for Â£3.75 | 6662001" href="https://www.sainsburys.co.uk/shop/PromotionDisplayView?listId=2&amp;catalogId=10241&amp;productId=22370&amp;langId=44&amp;storeId=10151&amp;promotionId=10669742">PLUS <!-- BEGIN include/PromotionStrapline.jspf -->Meal Deal for Â£3.75<br>

<!-- FINISH include/PromotionStrapline.jspf -->
                            </a>
                        </p>
                                
</div>

                    <div class="ThumbnailRoundel">
                    <!--ThumbnailRoundel --> 
                    </div>
                    <div class="promoBages">
                        <!-- PROMOTION -->
                    </div>


                    <!-- Review --><!-- BEGIN CatalogEntryRatingsReviewsInfo.jspf --><!-- productAllowedRatingsAndReviews: true -->
<div class="reviews">

    <a class="numberOfReviews" href="https://www.sainsburys.co.uk/shop/gb/groceries/product/details/kelloggs-rice-krispies-squares-marshmallow-28g">
        <img src="//www.sainsburys.co.uk/wcsstore7.137.2/SainsburysStorefrontAssetStore/img/stars/rating-4_8.gif" alt="4.8333" border="0">&nbsp; 
        Reviews (18)
    </a>

</div>
<!-- END CatalogEntryRatingsReviewsInfo.jspf -->
                </div>
                <!--ThumbnailRestriction -->
            </div>
            
            <div class="addToTrolleytabBox">
            <!-- addToTrolleytabBox LIST VIEW--><!-- Start UserSubscribedOrNot.jspf --><!-- Start UserSubscribedOrNot.jsp --><!-- 
    If the user is not logged in, render this opening 
    DIV adding an addtional class to fix the border top which is removed 
    and replaced by the tabs
-->
<div class="addToTrolleytabContainer addItemBorderTop">
<!-- End AddToSubscriptionList.jsp --><!-- End AddSubscriptionList.jspf --><!-- 
                    ATTENTION!!!
                    <div class="addToTrolleytabContainer">
                    This opening div is inside "../../ReusableObjects/UserSubscribedOrNot.jsp"
                    -->
                <div class="pricingAndTrolleyOptions">  
                    <div class="priceTab activeContainer priceTabContainer" id="addItem_22371"> 
                        <div class="pricing">
                            
<p class="pricePerUnit">
95p 
</p>

<p class="pricePerMeasure">Â£3.39<abbr title="per">/</abbr>100<abbr title="gram"><span class="pricePerMeasureMeasure">g</span></abbr>
</p>

                                
                        </div>  
                          
                                    <div class="addToTrolleyForm ">   
                                        <!-- BEGIN AddToTrolley.jsp --><!-- fire an on add to bag here from  -->

<form class="addToTrolleyForm" name="OrderItemAddForm_22370" action="OrderItemAdd" method="post" id="OrderItemAddForm_22370">
    <input type="hidden" name="storeId" value="10151">
    <input type="hidden" name="langId" value="44">
    <input type="hidden" name="catalogId" value="10241">
    <input type="hidden" name="authToken" id="authToken22370" value="-1002%2C3jIiHU%2F3lFc4jalpGDAhYOztAdQ%3D">
    
    
    <input type="hidden" name="errorViewName" value="PromotionDisplayView">
    <input type="hidden" name="SKU_ID" value="6662001">
    <input type="hidden" name="itemType" value="">
    <input type="hidden" name="parentSKU" value="">
    
    
       <input type="hidden" id="productCatentryId_22371" value="22370">
       <input type="hidden" id="catEntryId_22370" value="22371">
       <input type="hidden" name="ItemSKU_ID" value="6662001">
     
        
        <div class="quantity hidden" id="updateQtyPanelProduct_22370" data-qty="">
            <ul>
                <li>
                    <a class="button decreaseQty " id="decreaseQty_22370" href="#">-</a> 
                </li>
                <li>	
                    <label class="access" for="quantity_22370">Quantity</label>						
                    <a href="#" class="button quantityPlp  " id="quantityUpdate_22370">
                        </a>
                    <input name="quantity" id="quantity_22370" type="hidden" size="3" value="" class="quantity">		        
                </li>
                <li>
                    
                    <a class="button increaseQty " id="increaseQty_22370" href="#">+</a>
                </li>
            </ul>
        </div>				
            
        
            <input type="hidden" name="catEntryId" value="22371">
        

        <input type="hidden" name="productId" value="22370">
        

    <input type="hidden" name="URL" value="https://www.sainsburys.co.uk/webapp/wcs/stores/servlet/PromotionDisplayView?listId=2&amp;catalogId=10241&amp;productId=1117540&amp;langId=44&amp;storeId=10151&amp;promotionId=10669742">
    <input type="hidden" name="page" value="">
    <input type="hidden" name="contractId" value="">
    <input type="hidden" name="calculateOrder" value="1">
    <input type="hidden" name="calculationUsage" value="-1,-2,-3">
    <input type="hidden" name="updateable" value="1">
    <input type="hidden" name="merge" value="***">

                                  
            <input type="hidden" id="updateUrl_22370" updateurlchild_22371="AjaxOrderItemUpdate?calculateOrder=1&amp;itemType=&amp;ordItemUpdateFlag=0&amp;orderId=.&amp;updatePrices=1&amp;authToken=-1002%252C3jIiHU%252F3lFc4jalpGDAhYOztAdQ%253D&amp;calculationUsage=-1,-2,-3&amp;storeId=10151&amp;errorViewName=AjaxQuickCartDisplay&amp;URL=AjaxQuickCartDisplay&amp;catEntryId=22371&amp;orderItemId_0=&amp;UOM_0=&amp;langId=44&amp;quantity_0=1">
            <input type="hidden" id="removeUrl_22370" removeurlchild_22371="AjaxOrderItemUpdate?calculateOrder=1&amp;itemType=&amp;productId=&amp;ordItemUpdateFlag=2&amp;orderId=.&amp;updatePrices=1&amp;authToken=-1002%252C3jIiHU%252F3lFc4jalpGDAhYOztAdQ%253D&amp;calculationUsage=-1,-2,-3&amp;storeId=10151&amp;errorViewName=AjaxQuickCartDisplay&amp;URL=AjaxQuickCartDisplay&amp;catEntryId=22371&amp;productSKU=&amp;orderItemId_0=&amp;qtyDecremented=true&amp;langId=44&amp;quantity_0=0">           
         
       <input type="hidden" name="callAjax" value="false">
       
    
    <div class="add2Cart " id="addQtyPanelProduct_22370">    
        
            <a class="button process addQty  " id="addQty_22370" href="#">
                Add
            </a>

            <input type="hidden" name="Add" value="Add">
        
    </div>

</form>
<!-- END AddToTrolley.jsp -->
                                    </div>  
                                
                    </div><!-- END priceTabContainer Add container --><!-- Subscribe container --><!-- Start AddToSubscriptionList.jspf --><!-- Start AddToSubscriptionList.jsp --><!-- End AddToSubscriptionList.jsp --><!-- End AddToSubscriptionList.jspf --> 
                </div>  
            </div>  
        </div>
    </div>     
    </div> 
    <div id="additionalItems_22371" class="additionalItems">
        <!-- BEGIN MerchandisingAssociationsDisplay.jsp --><!-- Start - JSP File Name:  MerchandisingAssociationsDisplay.jsp --><!-- END MerchandisingAssociationsDisplay.jsp -->  
    </div> 

<!-- END CatalogEntryThumbnailDisplay.jsp -->
                            </li>
                        
                            <li>
                                
                                                <div class="trolleySummary"><p class="saving">
                                                         <!-- %@ include file="../../include/PromotionStrapline.jspf"% -->
                                                </p></div>
                                            
                                                <div class="trolleySummary"><p class="saving">
                                                         <!-- %@ include file="../../include/PromotionStrapline.jspf"% -->
                                                </p></div>
                                            
                                                <div class="trolleySummary"><p class="saving">
                                                         <!-- %@ include file="../../include/PromotionStrapline.jspf"% -->
                                                </p></div>
                                            <!-- BEGIN CatalogEntryThumbnailDisplay.jsp -->
    <div class="product ">
        
        <div class="errorBanner hidden" id="error1444434"></div>
                        
        
        <div class="productInner">
            <div class="productInfoWrapper">
                <div class="productInfo">
                    
                            <h3>
                                <a href="https://www.sainsburys.co.uk/shop/gb/groceries/product/details/fridge-raiders-slow-roasted-chicken-bites-meal-deal-50g">
                                    Fridge Raiders Slow Roasted Chicken Bites Meal Deal 45g
                                    <img src="https://assets.sainsburys-groceries.co.uk/gol/8115063/image.jpg" alt="">
                                </a>
                            </h3>
                        
<div class="promotion">

                        <p>
                            <a strapline="Meal Deal for Â£5.00 | 8115063" href="https://www.sainsburys.co.uk/shop/PromotionDisplayView?listId=2&amp;catalogId=10241&amp;productId=1444434&amp;langId=44&amp;storeId=10151&amp;promotionId=10664136"><!-- BEGIN include/PromotionStrapline.jspf -->Meal Deal for Â£5.00<br>

<!-- FINISH include/PromotionStrapline.jspf -->
                            </a>
                        </p>
                    
                        <p>
                            <a strapline="Meal Deal for Â£3.75 | 8115063" href="https://www.sainsburys.co.uk/shop/PromotionDisplayView?listId=2&amp;catalogId=10241&amp;productId=1444434&amp;langId=44&amp;storeId=10151&amp;promotionId=10669742">PLUS <!-- BEGIN include/PromotionStrapline.jspf -->Meal Deal for Â£3.75<br>

<!-- FINISH include/PromotionStrapline.jspf -->
                            </a>
                        </p>
                                
</div>

                    <div class="ThumbnailRoundel">
                    <!--ThumbnailRoundel --> 
                    </div>
                    <div class="promoBages">
                        <!-- PROMOTION -->
                    </div>


                    <!-- Review --><!-- BEGIN CatalogEntryRatingsReviewsInfo.jspf --><!-- productAllowedRatingsAndReviews: true -->
<div class="reviews">

    <a class="numberOfReviews" href="https://www.sainsburys.co.uk/shop/gb/groceries/product/details/fridge-raiders-slow-roasted-chicken-bites-meal-deal-50g">
        <img src="//www.sainsburys.co.uk/wcsstore7.137.2/SainsburysStorefrontAssetStore/img/stars/rating-4_5.gif" alt="4.5366" border="0">&nbsp; 
        Reviews (164)
    </a>

</div>
<!-- END CatalogEntryRatingsReviewsInfo.jspf -->
                </div>
                <!--ThumbnailRestriction -->
            </div>
            
            <div class="addToTrolleytabBox">
            <!-- addToTrolleytabBox LIST VIEW--><!-- Start UserSubscribedOrNot.jspf --><!-- Start UserSubscribedOrNot.jsp --><!-- 
    If the user is not logged in, render this opening 
    DIV adding an addtional class to fix the border top which is removed 
    and replaced by the tabs
-->
<div class="addToTrolleytabContainer addItemBorderTop">
<!-- End AddToSubscriptionList.jsp --><!-- End AddSubscriptionList.jspf --><!-- 
                    ATTENTION!!!
                    <div class="addToTrolleytabContainer">
                    This opening div is inside "../../ReusableObjects/UserSubscribedOrNot.jsp"
                    -->
                <div class="pricingAndTrolleyOptions">  
                    <div class="priceTab activeContainer priceTabContainer" id="addItem_1444435"> 
                        <div class="pricing">
                            
<p class="pricePerUnit">
Â£1.30 
</p>

<p class="pricePerMeasure">Â£2.89<abbr title="per">/</abbr>100<abbr title="gram"><span class="pricePerMeasureMeasure">g</span></abbr>
</p>

                                
                        </div>  
                          
                                    <div class="addToTrolleyForm ">   
                                        <!-- BEGIN AddToTrolley.jsp --><!-- fire an on add to bag here from  -->

<form class="addToTrolleyForm" name="OrderItemAddForm_1444434" action="OrderItemAdd" method="post" id="OrderItemAddForm_1444434">
    <input type="hidden" name="storeId" value="10151">
    <input type="hidden" name="langId" value="44">
    <input type="hidden" name="catalogId" value="10241">
    <input type="hidden" name="authToken" id="authToken1444434" value="-1002%2C3jIiHU%2F3lFc4jalpGDAhYOztAdQ%3D">
    
    
    <input type="hidden" name="errorViewName" value="PromotionDisplayView">
    <input type="hidden" name="SKU_ID" value="8115063">
    <input type="hidden" name="itemType" value="">
    <input type="hidden" name="parentSKU" value="">
    
    
       <input type="hidden" id="productCatentryId_1444435" value="1444434">
       <input type="hidden" id="catEntryId_1444434" value="1444435">
       <input type="hidden" name="ItemSKU_ID" value="8115063">
     
        
        <div class="quantity hidden" id="updateQtyPanelProduct_1444434" data-qty="">
            <ul>
                <li>
                    <a class="button decreaseQty " id="decreaseQty_1444434" href="#">-</a> 
                </li>
                <li>	
                    <label class="access" for="quantity_1444434">Quantity</label>						
                    <a href="#" class="button quantityPlp  " id="quantityUpdate_1444434">
                        </a>
                    <input name="quantity" id="quantity_1444434" type="hidden" size="3" value="" class="quantity">		        
                </li>
                <li>
                    
                    <a class="button increaseQty " id="increaseQty_1444434" href="#">+</a>
                </li>
            </ul>
        </div>				
            
        
            <input type="hidden" name="catEntryId" value="1444435">
        

        <input type="hidden" name="productId" value="1444434">
        

    <input type="hidden" name="URL" value="https://www.sainsburys.co.uk/webapp/wcs/stores/servlet/PromotionDisplayView?listId=2&amp;catalogId=10241&amp;productId=1117540&amp;langId=44&amp;storeId=10151&amp;promotionId=10669742">
    <input type="hidden" name="page" value="">
    <input type="hidden" name="contractId" value="">
    <input type="hidden" name="calculateOrder" value="1">
    <input type="hidden" name="calculationUsage" value="-1,-2,-3">
    <input type="hidden" name="updateable" value="1">
    <input type="hidden" name="merge" value="***">

                                  
            <input type="hidden" id="updateUrl_1444434" updateurlchild_1444435="AjaxOrderItemUpdate?calculateOrder=1&amp;itemType=&amp;ordItemUpdateFlag=0&amp;orderId=.&amp;updatePrices=1&amp;authToken=-1002%252C3jIiHU%252F3lFc4jalpGDAhYOztAdQ%253D&amp;calculationUsage=-1,-2,-3&amp;storeId=10151&amp;errorViewName=AjaxQuickCartDisplay&amp;URL=AjaxQuickCartDisplay&amp;catEntryId=1444435&amp;orderItemId_0=&amp;UOM_0=&amp;langId=44&amp;quantity_0=1">
            <input type="hidden" id="removeUrl_1444434" removeurlchild_1444435="AjaxOrderItemUpdate?calculateOrder=1&amp;itemType=&amp;productId=&amp;ordItemUpdateFlag=2&amp;orderId=.&amp;updatePrices=1&amp;authToken=-1002%252C3jIiHU%252F3lFc4jalpGDAhYOztAdQ%253D&amp;calculationUsage=-1,-2,-3&amp;storeId=10151&amp;errorViewName=AjaxQuickCartDisplay&amp;URL=AjaxQuickCartDisplay&amp;catEntryId=1444435&amp;productSKU=&amp;orderItemId_0=&amp;qtyDecremented=true&amp;langId=44&amp;quantity_0=0">           
         
       <input type="hidden" name="callAjax" value="false">
       
    
    <div class="add2Cart " id="addQtyPanelProduct_1444434">    
        
            <a class="button process addQty  " id="addQty_1444434" href="#">
                Add
            </a>

            <input type="hidden" name="Add" value="Add">
        
    </div>

</form>
<!-- END AddToTrolley.jsp -->
                                    </div>  
                                
                    </div><!-- END priceTabContainer Add container --><!-- Subscribe container --><!-- Start AddToSubscriptionList.jspf --><!-- Start AddToSubscriptionList.jsp --><!-- End AddToSubscriptionList.jsp --><!-- End AddToSubscriptionList.jspf --> 
                </div>  
            </div>  
        </div>
    </div>     
    </div> 
    <div id="additionalItems_1444435" class="additionalItems">
        <!-- BEGIN MerchandisingAssociationsDisplay.jsp --><!-- Start - JSP File Name:  MerchandisingAssociationsDisplay.jsp --><!-- END MerchandisingAssociationsDisplay.jsp -->  
    </div> 

<!-- END CatalogEntryThumbnailDisplay.jsp -->
                            </li>
                        
                            <li>
                                
                                                <div class="trolleySummary"><p class="saving">
                                                         <!-- %@ include file="../../include/PromotionStrapline.jspf"% -->
                                                </p></div>
                                            
                                                <div class="trolleySummary"><p class="saving">
                                                         <!-- %@ include file="../../include/PromotionStrapline.jspf"% -->
                                                </p></div>
                                            
                                                <div class="trolleySummary"><p class="saving">
                                                         <!-- %@ include file="../../include/PromotionStrapline.jspf"% -->
                                                </p></div>
                                            <!-- BEGIN CatalogEntryThumbnailDisplay.jsp -->
    <div class="product ">
        
        <div class="errorBanner hidden" id="error1450510"></div>
                        
        
        <div class="productInner">
            <div class="productInfoWrapper">
                <div class="productInfo">
                    
                            <h3>
                                <a href="https://www.sainsburys.co.uk/shop/gb/groceries/product/details/sainsburys-on-the-go-melon-medley-160g">
                                    Sainsbury's On the Go Melon Medley 160g
                                    <img src="https://assets.sainsburys-groceries.co.uk/gol/8119464/image.jpg" alt="">
                                </a>
                            </h3>
                        
<div class="promotion">

                        <p>
                            <a strapline="Meal Deal for Â£5.00 | 8119464" href="https://www.sainsburys.co.uk/shop/PromotionDisplayView?listId=2&amp;catalogId=10241&amp;productId=1450510&amp;langId=44&amp;storeId=10151&amp;promotionId=10664136"><!-- BEGIN include/PromotionStrapline.jspf -->Meal Deal for Â£5.00<br>

<!-- FINISH include/PromotionStrapline.jspf -->
                            </a>
                        </p>
                    
                        <p>
                            <a strapline="Meal Deal for Â£3.75 | 8119464" href="https://www.sainsburys.co.uk/shop/PromotionDisplayView?listId=2&amp;catalogId=10241&amp;productId=1450510&amp;langId=44&amp;storeId=10151&amp;promotionId=10669742">PLUS <!-- BEGIN include/PromotionStrapline.jspf -->Meal Deal for Â£3.75<br>

<!-- FINISH include/PromotionStrapline.jspf -->
                            </a>
                        </p>
                                
</div>

                    <div class="ThumbnailRoundel">
                    <!--ThumbnailRoundel --> 
                    </div>
                    <div class="promoBages">
                        <!-- PROMOTION -->
                    </div>


                    <!-- Review --><!-- BEGIN CatalogEntryRatingsReviewsInfo.jspf --><!-- productAllowedRatingsAndReviews: true -->
<div class="reviews">

    <a class="numberOfReviews" href="https://www.sainsburys.co.uk/shop/gb/groceries/product/details/sainsburys-on-the-go-melon-medley-160g">
        <img src="//www.sainsburys.co.uk/wcsstore7.137.2/SainsburysStorefrontAssetStore/img/stars/rating-4_6.gif" alt="4.6364" border="0">&nbsp; 
        Reviews (11)
    </a>

</div>
<!-- END CatalogEntryRatingsReviewsInfo.jspf -->
                </div>
                <!--ThumbnailRestriction -->
            </div>
            
            <div class="addToTrolleytabBox">
            <!-- addToTrolleytabBox LIST VIEW--><!-- Start UserSubscribedOrNot.jspf --><!-- Start UserSubscribedOrNot.jsp --><!-- 
    If the user is not logged in, render this opening 
    DIV adding an addtional class to fix the border top which is removed 
    and replaced by the tabs
-->
<div class="addToTrolleytabContainer addItemBorderTop">
<!-- End AddToSubscriptionList.jsp --><!-- End AddSubscriptionList.jspf --><!-- 
                    ATTENTION!!!
                    <div class="addToTrolleytabContainer">
                    This opening div is inside "../../ReusableObjects/UserSubscribedOrNot.jsp"
                    -->
                <div class="pricingAndTrolleyOptions">  
                    <div class="priceTab activeContainer priceTabContainer" id="addItem_1450511"> 
                        <div class="pricing">
                            
<p class="pricePerUnit">
Â£1.35 
</p>

<p class="pricePerMeasure">Â£8.44<abbr title="per">/</abbr><abbr title="kilogram"><span class="pricePerMeasureMeasure">kg</span></abbr>
</p>

                                
                        </div>  
                          
                                    <div class="addToTrolleyForm ">   
                                        <!-- BEGIN AddToTrolley.jsp --><!-- fire an on add to bag here from  -->

<form class="addToTrolleyForm" name="OrderItemAddForm_1450510" action="OrderItemAdd" method="post" id="OrderItemAddForm_1450510">
    <input type="hidden" name="storeId" value="10151">
    <input type="hidden" name="langId" value="44">
    <input type="hidden" name="catalogId" value="10241">
    <input type="hidden" name="authToken" id="authToken1450510" value="-1002%2C3jIiHU%2F3lFc4jalpGDAhYOztAdQ%3D">
    
    
    <input type="hidden" name="errorViewName" value="PromotionDisplayView">
    <input type="hidden" name="SKU_ID" value="8119464">
    <input type="hidden" name="itemType" value="">
    <input type="hidden" name="parentSKU" value="">
    
    
       <input type="hidden" id="productCatentryId_1450511" value="1450510">
       <input type="hidden" id="catEntryId_1450510" value="1450511">
       <input type="hidden" name="ItemSKU_ID" value="8119464">
     
        
        <div class="quantity hidden" id="updateQtyPanelProduct_1450510" data-qty="">
            <ul>
                <li>
                    <a class="button decreaseQty " id="decreaseQty_1450510" href="#">-</a> 
                </li>
                <li>	
                    <label class="access" for="quantity_1450510">Quantity</label>						
                    <a href="#" class="button quantityPlp  " id="quantityUpdate_1450510">
                        </a>
                    <input name="quantity" id="quantity_1450510" type="hidden" size="3" value="" class="quantity">		        
                </li>
                <li>
                    
                    <a class="button increaseQty " id="increaseQty_1450510" href="#">+</a>
                </li>
            </ul>
        </div>				
            
        
            <input type="hidden" name="catEntryId" value="1450511">
        

        <input type="hidden" name="productId" value="1450510">
        

    <input type="hidden" name="URL" value="https://www.sainsburys.co.uk/webapp/wcs/stores/servlet/PromotionDisplayView?listId=2&amp;catalogId=10241&amp;productId=1117540&amp;langId=44&amp;storeId=10151&amp;promotionId=10669742">
    <input type="hidden" name="page" value="">
    <input type="hidden" name="contractId" value="">
    <input type="hidden" name="calculateOrder" value="1">
    <input type="hidden" name="calculationUsage" value="-1,-2,-3">
    <input type="hidden" name="updateable" value="1">
    <input type="hidden" name="merge" value="***">

                                  
            <input type="hidden" id="updateUrl_1450510" updateurlchild_1450511="AjaxOrderItemUpdate?calculateOrder=1&amp;itemType=&amp;ordItemUpdateFlag=0&amp;orderId=.&amp;updatePrices=1&amp;authToken=-1002%252C3jIiHU%252F3lFc4jalpGDAhYOztAdQ%253D&amp;calculationUsage=-1,-2,-3&amp;storeId=10151&amp;errorViewName=AjaxQuickCartDisplay&amp;URL=AjaxQuickCartDisplay&amp;catEntryId=1450511&amp;orderItemId_0=&amp;UOM_0=&amp;langId=44&amp;quantity_0=1">
            <input type="hidden" id="removeUrl_1450510" removeurlchild_1450511="AjaxOrderItemUpdate?calculateOrder=1&amp;itemType=&amp;productId=&amp;ordItemUpdateFlag=2&amp;orderId=.&amp;updatePrices=1&amp;authToken=-1002%252C3jIiHU%252F3lFc4jalpGDAhYOztAdQ%253D&amp;calculationUsage=-1,-2,-3&amp;storeId=10151&amp;errorViewName=AjaxQuickCartDisplay&amp;URL=AjaxQuickCartDisplay&amp;catEntryId=1450511&amp;productSKU=&amp;orderItemId_0=&amp;qtyDecremented=true&amp;langId=44&amp;quantity_0=0">           
         
       <input type="hidden" name="callAjax" value="false">
       
    
    <div class="add2Cart " id="addQtyPanelProduct_1450510">    
        
            <a class="button process addQty  " id="addQty_1450510" href="#">
                Add
            </a>

            <input type="hidden" name="Add" value="Add">
        
    </div>

</form>
<!-- END AddToTrolley.jsp -->
                                    </div>  
                                
                    </div><!-- END priceTabContainer Add container --><!-- Subscribe container --><!-- Start AddToSubscriptionList.jspf --><!-- Start AddToSubscriptionList.jsp --><!-- End AddToSubscriptionList.jsp --><!-- End AddToSubscriptionList.jspf --> 
                </div>  
            </div>  
        </div>
    </div>     
    </div> 
    <div id="additionalItems_1450511" class="additionalItems">
        <!-- BEGIN MerchandisingAssociationsDisplay.jsp --><!-- Start - JSP File Name:  MerchandisingAssociationsDisplay.jsp --><!-- END MerchandisingAssociationsDisplay.jsp -->  
    </div> 

<!-- END CatalogEntryThumbnailDisplay.jsp -->
                            </li>
                        
                            <li>
                                
                                                <div class="trolleySummary"><p class="saving">
                                                         <!-- %@ include file="../../include/PromotionStrapline.jspf"% -->
                                                </p></div>
                                            
                                                <div class="trolleySummary"><p class="saving">
                                                         <!-- %@ include file="../../include/PromotionStrapline.jspf"% -->
                                                </p></div>
                                            
                                                <div class="trolleySummary"><p class="saving">
                                                         <!-- %@ include file="../../include/PromotionStrapline.jspf"% -->
                                                </p></div>
                                            <!-- BEGIN CatalogEntryThumbnailDisplay.jsp -->
    <div class="product ">
        
        <div class="errorBanner hidden" id="error1231174"></div>
                        
        
        <div class="productInner">
            <div class="productInfoWrapper">
                <div class="productInfo">
                    
                            <h3>
                                <a href="https://www.sainsburys.co.uk/shop/gb/groceries/product/details/sainsburys-on-the-go-salt-vinegar-chickpeas-50g">
                                    Sainsbury's On the Go Salt &amp; Vinegar Chickpeas 50g
                                    <img src="https://assets.sainsburys-groceries.co.uk/gol/7923322/image.jpg" alt="">
                                </a>
                            </h3>
                        
<div class="promotion">

                        <p>
                            <a strapline="Meal Deal for Â£5.00 | 7923322" href="https://www.sainsburys.co.uk/shop/PromotionDisplayView?listId=2&amp;catalogId=10241&amp;productId=1231174&amp;langId=44&amp;storeId=10151&amp;promotionId=10664136"><!-- BEGIN include/PromotionStrapline.jspf -->Meal Deal for Â£5.00<br>

<!-- FINISH include/PromotionStrapline.jspf -->
                            </a>
                        </p>
                    
                        <p>
                            <a strapline="Meal Deal for Â£3.75 | 7923322" href="https://www.sainsburys.co.uk/shop/PromotionDisplayView?listId=2&amp;catalogId=10241&amp;productId=1231174&amp;langId=44&amp;storeId=10151&amp;promotionId=10669742">PLUS <!-- BEGIN include/PromotionStrapline.jspf -->Meal Deal for Â£3.75<br>

<!-- FINISH include/PromotionStrapline.jspf -->
                            </a>
                        </p>
                                
</div>

                    <div class="ThumbnailRoundel">
                    <!--ThumbnailRoundel --> 
                    </div>
                    <div class="promoBages">
                        <!-- PROMOTION -->
                    </div>


                    <!-- Review --><!-- BEGIN CatalogEntryRatingsReviewsInfo.jspf --><!-- productAllowedRatingsAndReviews: true -->
<div class="reviews">

    <a class="numberOfReviews" href="https://www.sainsburys.co.uk/shop/gb/groceries/product/details/sainsburys-on-the-go-salt-vinegar-chickpeas-50g">
        <img src="//www.sainsburys.co.uk/wcsstore7.137.2/SainsburysStorefrontAssetStore/img/stars/rating-4_3.gif" alt="4.25" border="0">&nbsp; 
        Reviews (8)
    </a>

</div>
<!-- END CatalogEntryRatingsReviewsInfo.jspf -->
                </div>
                <!--ThumbnailRestriction -->
            </div>
            
            <div class="addToTrolleytabBox">
            <!-- addToTrolleytabBox LIST VIEW--><!-- Start UserSubscribedOrNot.jspf --><!-- Start UserSubscribedOrNot.jsp --><!-- 
    If the user is not logged in, render this opening 
    DIV adding an addtional class to fix the border top which is removed 
    and replaced by the tabs
-->
<div class="addToTrolleytabContainer addItemBorderTop">
<!-- End AddToSubscriptionList.jsp --><!-- End AddSubscriptionList.jspf --><!-- 
                    ATTENTION!!!
                    <div class="addToTrolleytabContainer">
                    This opening div is inside "../../ReusableObjects/UserSubscribedOrNot.jsp"
                    -->
                <div class="pricingAndTrolleyOptions">  
                    <div class="priceTab activeContainer priceTabContainer" id="addItem_1231175"> 
                        <div class="pricing">
                            
<p class="pricePerUnit">
Â£1.05 
</p>

<p class="pricePerMeasure">Â£2.10<abbr title="per">/</abbr>100<abbr title="gram"><span class="pricePerMeasureMeasure">g</span></abbr>
</p>

                                
                        </div>  
                          
                                    <div class="addToTrolleyForm ">   
                                        <!-- BEGIN AddToTrolley.jsp --><!-- fire an on add to bag here from  -->

<form class="addToTrolleyForm" name="OrderItemAddForm_1231174" action="OrderItemAdd" method="post" id="OrderItemAddForm_1231174">
    <input type="hidden" name="storeId" value="10151">
    <input type="hidden" name="langId" value="44">
    <input type="hidden" name="catalogId" value="10241">
    <input type="hidden" name="authToken" id="authToken1231174" value="-1002%2C3jIiHU%2F3lFc4jalpGDAhYOztAdQ%3D">
    
    
    <input type="hidden" name="errorViewName" value="PromotionDisplayView">
    <input type="hidden" name="SKU_ID" value="7923322">
    <input type="hidden" name="itemType" value="">
    <input type="hidden" name="parentSKU" value="">
    
    
       <input type="hidden" id="productCatentryId_1231175" value="1231174">
       <input type="hidden" id="catEntryId_1231174" value="1231175">
       <input type="hidden" name="ItemSKU_ID" value="7923322">
     
        
        <div class="quantity hidden" id="updateQtyPanelProduct_1231174" data-qty="">
            <ul>
                <li>
                    <a class="button decreaseQty " id="decreaseQty_1231174" href="#">-</a> 
                </li>
                <li>	
                    <label class="access" for="quantity_1231174">Quantity</label>						
                    <a href="#" class="button quantityPlp  " id="quantityUpdate_1231174">
                        </a>
                    <input name="quantity" id="quantity_1231174" type="hidden" size="3" value="" class="quantity">		        
                </li>
                <li>
                    
                    <a class="button increaseQty " id="increaseQty_1231174" href="#">+</a>
                </li>
            </ul>
        </div>				
            
        
            <input type="hidden" name="catEntryId" value="1231175">
        

        <input type="hidden" name="productId" value="1231174">
        

    <input type="hidden" name="URL" value="https://www.sainsburys.co.uk/webapp/wcs/stores/servlet/PromotionDisplayView?listId=2&amp;catalogId=10241&amp;productId=1117540&amp;langId=44&amp;storeId=10151&amp;promotionId=10669742">
    <input type="hidden" name="page" value="">
    <input type="hidden" name="contractId" value="">
    <input type="hidden" name="calculateOrder" value="1">
    <input type="hidden" name="calculationUsage" value="-1,-2,-3">
    <input type="hidden" name="updateable" value="1">
    <input type="hidden" name="merge" value="***">

                                  
            <input type="hidden" id="updateUrl_1231174" updateurlchild_1231175="AjaxOrderItemUpdate?calculateOrder=1&amp;itemType=&amp;ordItemUpdateFlag=0&amp;orderId=.&amp;updatePrices=1&amp;authToken=-1002%252C3jIiHU%252F3lFc4jalpGDAhYOztAdQ%253D&amp;calculationUsage=-1,-2,-3&amp;storeId=10151&amp;errorViewName=AjaxQuickCartDisplay&amp;URL=AjaxQuickCartDisplay&amp;catEntryId=1231175&amp;orderItemId_0=&amp;UOM_0=&amp;langId=44&amp;quantity_0=1">
            <input type="hidden" id="removeUrl_1231174" removeurlchild_1231175="AjaxOrderItemUpdate?calculateOrder=1&amp;itemType=&amp;productId=&amp;ordItemUpdateFlag=2&amp;orderId=.&amp;updatePrices=1&amp;authToken=-1002%252C3jIiHU%252F3lFc4jalpGDAhYOztAdQ%253D&amp;calculationUsage=-1,-2,-3&amp;storeId=10151&amp;errorViewName=AjaxQuickCartDisplay&amp;URL=AjaxQuickCartDisplay&amp;catEntryId=1231175&amp;productSKU=&amp;orderItemId_0=&amp;qtyDecremented=true&amp;langId=44&amp;quantity_0=0">           
         
       <input type="hidden" name="callAjax" value="false">
       
    
    <div class="add2Cart " id="addQtyPanelProduct_1231174">    
        
            <a class="button process addQty  " id="addQty_1231174" href="#">
                Add
            </a>

            <input type="hidden" name="Add" value="Add">
        
    </div>

</form>
<!-- END AddToTrolley.jsp -->
                                    </div>  
                                
                    </div><!-- END priceTabContainer Add container --><!-- Subscribe container --><!-- Start AddToSubscriptionList.jspf --><!-- Start AddToSubscriptionList.jsp --><!-- End AddToSubscriptionList.jsp --><!-- End AddToSubscriptionList.jspf --> 
                </div>  
            </div>  
        </div>
    </div>     
    </div> 
    <div id="additionalItems_1231175" class="additionalItems">
        <!-- BEGIN MerchandisingAssociationsDisplay.jsp --><!-- Start - JSP File Name:  MerchandisingAssociationsDisplay.jsp --><!-- END MerchandisingAssociationsDisplay.jsp -->  
    </div> 

<!-- END CatalogEntryThumbnailDisplay.jsp -->
                            </li>
                        
                            <li>
                                
                                                <div class="trolleySummary"><p class="saving">
                                                         <!-- %@ include file="../../include/PromotionStrapline.jspf"% -->
                                                </p></div>
                                            
                                                <div class="trolleySummary"><p class="saving">
                                                         <!-- %@ include file="../../include/PromotionStrapline.jspf"% -->
                                                </p></div>
                                            
                                                <div class="trolleySummary"><p class="saving">
                                                         <!-- %@ include file="../../include/PromotionStrapline.jspf"% -->
                                                </p></div>
                                            <!-- BEGIN CatalogEntryThumbnailDisplay.jsp -->
    <div class="product ">
        
        <div class="errorBanner hidden" id="error1326702"></div>
                        
        
        <div class="productInner">
            <div class="productInfoWrapper">
                <div class="productInfo">
                    
                            <h3>
                                <a href="https://www.sainsburys.co.uk/shop/gb/groceries/product/details/sainsburys-all-butter-flapjack-50g">
                                    Sainsbury's All Butter Flapjack 50g
                                    <img src="https://assets.sainsburys-groceries.co.uk/gol/7999207/image.jpg" alt="">
                                </a>
                            </h3>
                        
<div class="promotion">

                        <p>
                            <a strapline="Meal Deal for Â£5.00 | 7999207" href="https://www.sainsburys.co.uk/shop/PromotionDisplayView?listId=2&amp;catalogId=10241&amp;productId=1326702&amp;langId=44&amp;storeId=10151&amp;promotionId=10664136"><!-- BEGIN include/PromotionStrapline.jspf -->Meal Deal for Â£5.00<br>

<!-- FINISH include/PromotionStrapline.jspf -->
                            </a>
                        </p>
                    
                        <p>
                            <a strapline="Meal Deal for Â£3.75 | 7999207" href="https://www.sainsburys.co.uk/shop/PromotionDisplayView?listId=2&amp;catalogId=10241&amp;productId=1326702&amp;langId=44&amp;storeId=10151&amp;promotionId=10669742">PLUS <!-- BEGIN include/PromotionStrapline.jspf -->Meal Deal for Â£3.75<br>

<!-- FINISH include/PromotionStrapline.jspf -->
                            </a>
                        </p>
                                
</div>

                    <div class="ThumbnailRoundel">
                    <!--ThumbnailRoundel --> 
                    </div>
                    <div class="promoBages">
                        <!-- PROMOTION -->
                    </div>


                    <!-- Review --><!-- BEGIN CatalogEntryRatingsReviewsInfo.jspf --><!-- productAllowedRatingsAndReviews: true -->
<div class="reviews">

    <a class="numberOfReviews" href="https://www.sainsburys.co.uk/shop/gb/groceries/product/details/sainsburys-all-butter-flapjack-50g">
        <img src="//www.sainsburys.co.uk/wcsstore7.137.2/SainsburysStorefrontAssetStore/img/stars/rating-5_0.gif" alt="5.0" border="0">&nbsp; 
        Reviews (5)
    </a>

</div>
<!-- END CatalogEntryRatingsReviewsInfo.jspf -->
                </div>
                <!--ThumbnailRestriction -->
            </div>
            
            <div class="addToTrolleytabBox">
            <!-- addToTrolleytabBox LIST VIEW--><!-- Start UserSubscribedOrNot.jspf --><!-- Start UserSubscribedOrNot.jsp --><!-- 
    If the user is not logged in, render this opening 
    DIV adding an addtional class to fix the border top which is removed 
    and replaced by the tabs
-->
<div class="addToTrolleytabContainer addItemBorderTop">
<!-- End AddToSubscriptionList.jsp --><!-- End AddSubscriptionList.jspf --><!-- 
                    ATTENTION!!!
                    <div class="addToTrolleytabContainer">
                    This opening div is inside "../../ReusableObjects/UserSubscribedOrNot.jsp"
                    -->
                <div class="pricingAndTrolleyOptions">  
                    <div class="priceTab activeContainer priceTabContainer" id="addItem_1326703"> 
                        <div class="pricing">
                            
<p class="pricePerUnit">
Â£1.00 
</p>

<p class="pricePerMeasure">Â£20.00<abbr title="per">/</abbr><abbr title="kilogram"><span class="pricePerMeasureMeasure">kg</span></abbr>
</p>

                                
                        </div>  
                          
                                    <div class="addToTrolleyForm ">   
                                        <!-- BEGIN AddToTrolley.jsp --><!-- fire an on add to bag here from  -->

<form class="addToTrolleyForm" name="OrderItemAddForm_1326702" action="OrderItemAdd" method="post" id="OrderItemAddForm_1326702">
    <input type="hidden" name="storeId" value="10151">
    <input type="hidden" name="langId" value="44">
    <input type="hidden" name="catalogId" value="10241">
    <input type="hidden" name="authToken" id="authToken1326702" value="-1002%2C3jIiHU%2F3lFc4jalpGDAhYOztAdQ%3D">
    
    
    <input type="hidden" name="errorViewName" value="PromotionDisplayView">
    <input type="hidden" name="SKU_ID" value="7999207">
    <input type="hidden" name="itemType" value="">
    <input type="hidden" name="parentSKU" value="">
    
    
       <input type="hidden" id="productCatentryId_1326703" value="1326702">
       <input type="hidden" id="catEntryId_1326702" value="1326703">
       <input type="hidden" name="ItemSKU_ID" value="7999207">
     
        
        <div class="quantity hidden" id="updateQtyPanelProduct_1326702" data-qty="">
            <ul>
                <li>
                    <a class="button decreaseQty " id="decreaseQty_1326702" href="#">-</a> 
                </li>
                <li>	
                    <label class="access" for="quantity_1326702">Quantity</label>						
                    <a href="#" class="button quantityPlp  " id="quantityUpdate_1326702">
                        </a>
                    <input name="quantity" id="quantity_1326702" type="hidden" size="3" value="" class="quantity">		        
                </li>
                <li>
                    
                    <a class="button increaseQty " id="increaseQty_1326702" href="#">+</a>
                </li>
            </ul>
        </div>				
            
        
            <input type="hidden" name="catEntryId" value="1326703">
        

        <input type="hidden" name="productId" value="1326702">
        

    <input type="hidden" name="URL" value="https://www.sainsburys.co.uk/webapp/wcs/stores/servlet/PromotionDisplayView?listId=2&amp;catalogId=10241&amp;productId=1117540&amp;langId=44&amp;storeId=10151&amp;promotionId=10669742">
    <input type="hidden" name="page" value="">
    <input type="hidden" name="contractId" value="">
    <input type="hidden" name="calculateOrder" value="1">
    <input type="hidden" name="calculationUsage" value="-1,-2,-3">
    <input type="hidden" name="updateable" value="1">
    <input type="hidden" name="merge" value="***">

                                  
            <input type="hidden" id="updateUrl_1326702" updateurlchild_1326703="AjaxOrderItemUpdate?calculateOrder=1&amp;itemType=&amp;ordItemUpdateFlag=0&amp;orderId=.&amp;updatePrices=1&amp;authToken=-1002%252C3jIiHU%252F3lFc4jalpGDAhYOztAdQ%253D&amp;calculationUsage=-1,-2,-3&amp;storeId=10151&amp;errorViewName=AjaxQuickCartDisplay&amp;URL=AjaxQuickCartDisplay&amp;catEntryId=1326703&amp;orderItemId_0=&amp;UOM_0=&amp;langId=44&amp;quantity_0=1">
            <input type="hidden" id="removeUrl_1326702" removeurlchild_1326703="AjaxOrderItemUpdate?calculateOrder=1&amp;itemType=&amp;productId=&amp;ordItemUpdateFlag=2&amp;orderId=.&amp;updatePrices=1&amp;authToken=-1002%252C3jIiHU%252F3lFc4jalpGDAhYOztAdQ%253D&amp;calculationUsage=-1,-2,-3&amp;storeId=10151&amp;errorViewName=AjaxQuickCartDisplay&amp;URL=AjaxQuickCartDisplay&amp;catEntryId=1326703&amp;productSKU=&amp;orderItemId_0=&amp;qtyDecremented=true&amp;langId=44&amp;quantity_0=0">           
         
       <input type="hidden" name="callAjax" value="false">
       
    
    <div class="add2Cart " id="addQtyPanelProduct_1326702">    
        
            <a class="button process addQty  " id="addQty_1326702" href="#">
                Add
            </a>

            <input type="hidden" name="Add" value="Add">
        
    </div>

</form>
<!-- END AddToTrolley.jsp -->
                                    </div>  
                                
                    </div><!-- END priceTabContainer Add container --><!-- Subscribe container --><!-- Start AddToSubscriptionList.jspf --><!-- Start AddToSubscriptionList.jsp --><!-- End AddToSubscriptionList.jsp --><!-- End AddToSubscriptionList.jspf --> 
                </div>  
            </div>  
        </div>
    </div>     
    </div> 
    <div id="additionalItems_1326703" class="additionalItems">
        <!-- BEGIN MerchandisingAssociationsDisplay.jsp --><!-- Start - JSP File Name:  MerchandisingAssociationsDisplay.jsp --><!-- END MerchandisingAssociationsDisplay.jsp -->  
    </div> 

<!-- END CatalogEntryThumbnailDisplay.jsp -->
                            </li>
                        
                            <li>
                                
                                                <div class="trolleySummary"><p class="saving">
                                                         <!-- %@ include file="../../include/PromotionStrapline.jspf"% -->
                                                </p></div>
                                            
                                                <div class="trolleySummary"><p class="saving">
                                                         <!-- %@ include file="../../include/PromotionStrapline.jspf"% -->
                                                </p></div>
                                            
                                                <div class="trolleySummary"><p class="saving">
                                                         <!-- %@ include file="../../include/PromotionStrapline.jspf"% -->
                                                </p></div>
                                            <!-- BEGIN CatalogEntryThumbnailDisplay.jsp -->
    <div class="product ">
        
        <div class="errorBanner hidden" id="error1108760"></div>
                        
        
        <div class="productInner">
            <div class="productInfoWrapper">
                <div class="productInfo">
                    
                            <h3>
                                <a href="https://www.sainsburys.co.uk/shop/gb/groceries/product/details/sainsburys-sweet-potato-bhaji-64g">
                                    Sainsbury's Sweet Potato Bhaji 64g
                                    <img src="https://assets.sainsburys-groceries.co.uk/gol/7845000/image.jpg" alt="">
                                </a>
                            </h3>
                        
<div class="promotion">

                        <p>
                            <a strapline="Meal Deal for Â£5.00 | 7845000" href="https://www.sainsburys.co.uk/shop/PromotionDisplayView?listId=2&amp;catalogId=10241&amp;productId=1108760&amp;langId=44&amp;storeId=10151&amp;promotionId=10664136"><!-- BEGIN include/PromotionStrapline.jspf -->Meal Deal for Â£5.00<br>

<!-- FINISH include/PromotionStrapline.jspf -->
                            </a>
                        </p>
                    
                        <p>
                            <a strapline="Meal Deal for Â£3.75 | 7845000" href="https://www.sainsburys.co.uk/shop/PromotionDisplayView?listId=2&amp;catalogId=10241&amp;productId=1108760&amp;langId=44&amp;storeId=10151&amp;promotionId=10669742">PLUS <!-- BEGIN include/PromotionStrapline.jspf -->Meal Deal for Â£3.75<br>

<!-- FINISH include/PromotionStrapline.jspf -->
                            </a>
                        </p>
                                
</div>

                    <div class="ThumbnailRoundel">
                    <!--ThumbnailRoundel --> 
                    </div>
                    <div class="promoBages">
                        <!-- PROMOTION -->
                    </div>


                    <!-- Review --><!-- BEGIN CatalogEntryRatingsReviewsInfo.jspf --><!-- productAllowedRatingsAndReviews: true -->
<div class="reviews">

    <a class="numberOfReviews" href="https://www.sainsburys.co.uk/shop/gb/groceries/product/details/sainsburys-sweet-potato-bhaji-64g">
        <img src="//www.sainsburys.co.uk/wcsstore7.137.2/SainsburysStorefrontAssetStore/img/stars/rating-3_6.gif" alt="3.5833" border="0">&nbsp; 
        Reviews (12)
    </a>

</div>
<!-- END CatalogEntryRatingsReviewsInfo.jspf -->
                </div>
                <!--ThumbnailRestriction -->
            </div>
            
            <div class="addToTrolleytabBox">
            <!-- addToTrolleytabBox LIST VIEW--><!-- Start UserSubscribedOrNot.jspf --><!-- Start UserSubscribedOrNot.jsp --><!-- 
    If the user is not logged in, render this opening 
    DIV adding an addtional class to fix the border top which is removed 
    and replaced by the tabs
-->
<div class="addToTrolleytabContainer addItemBorderTop">
<!-- End AddToSubscriptionList.jsp --><!-- End AddSubscriptionList.jspf --><!-- 
                    ATTENTION!!!
                    <div class="addToTrolleytabContainer">
                    This opening div is inside "../../ReusableObjects/UserSubscribedOrNot.jsp"
                    -->
                <div class="pricingAndTrolleyOptions">  
                    <div class="priceTab activeContainer priceTabContainer" id="addItem_1108761"> 
                        <div class="pricing">
                            
<p class="pricePerUnit">
Â£1.30 
</p>

<p class="pricePerMeasure">Â£2.03<abbr title="per">/</abbr>100<abbr title="gram"><span class="pricePerMeasureMeasure">g</span></abbr>
</p>

                                
                        </div>  
                          
                                    <div class="addToTrolleyForm ">   
                                        <!-- BEGIN AddToTrolley.jsp --><!-- fire an on add to bag here from  -->

<form class="addToTrolleyForm" name="OrderItemAddForm_1108760" action="OrderItemAdd" method="post" id="OrderItemAddForm_1108760">
    <input type="hidden" name="storeId" value="10151">
    <input type="hidden" name="langId" value="44">
    <input type="hidden" name="catalogId" value="10241">
    <input type="hidden" name="authToken" id="authToken1108760" value="-1002%2C3jIiHU%2F3lFc4jalpGDAhYOztAdQ%3D">
    
    
    <input type="hidden" name="errorViewName" value="PromotionDisplayView">
    <input type="hidden" name="SKU_ID" value="7845000">
    <input type="hidden" name="itemType" value="">
    <input type="hidden" name="parentSKU" value="">
    
    
       <input type="hidden" id="productCatentryId_1108761" value="1108760">
       <input type="hidden" id="catEntryId_1108760" value="1108761">
       <input type="hidden" name="ItemSKU_ID" value="7845000">
     
        
        <div class="quantity hidden" id="updateQtyPanelProduct_1108760" data-qty="">
            <ul>
                <li>
                    <a class="button decreaseQty " id="decreaseQty_1108760" href="#">-</a> 
                </li>
                <li>	
                    <label class="access" for="quantity_1108760">Quantity</label>						
                    <a href="#" class="button quantityPlp  " id="quantityUpdate_1108760">
                        </a>
                    <input name="quantity" id="quantity_1108760" type="hidden" size="3" value="" class="quantity">		        
                </li>
                <li>
                    
                    <a class="button increaseQty " id="increaseQty_1108760" href="#">+</a>
                </li>
            </ul>
        </div>				
            
        
            <input type="hidden" name="catEntryId" value="1108761">
        

        <input type="hidden" name="productId" value="1108760">
        

    <input type="hidden" name="URL" value="https://www.sainsburys.co.uk/webapp/wcs/stores/servlet/PromotionDisplayView?listId=2&amp;catalogId=10241&amp;productId=1117540&amp;langId=44&amp;storeId=10151&amp;promotionId=10669742">
    <input type="hidden" name="page" value="">
    <input type="hidden" name="contractId" value="">
    <input type="hidden" name="calculateOrder" value="1">
    <input type="hidden" name="calculationUsage" value="-1,-2,-3">
    <input type="hidden" name="updateable" value="1">
    <input type="hidden" name="merge" value="***">

                                  
            <input type="hidden" id="updateUrl_1108760" updateurlchild_1108761="AjaxOrderItemUpdate?calculateOrder=1&amp;itemType=&amp;ordItemUpdateFlag=0&amp;orderId=.&amp;updatePrices=1&amp;authToken=-1002%252C3jIiHU%252F3lFc4jalpGDAhYOztAdQ%253D&amp;calculationUsage=-1,-2,-3&amp;storeId=10151&amp;errorViewName=AjaxQuickCartDisplay&amp;URL=AjaxQuickCartDisplay&amp;catEntryId=1108761&amp;orderItemId_0=&amp;UOM_0=&amp;langId=44&amp;quantity_0=1">
            <input type="hidden" id="removeUrl_1108760" removeurlchild_1108761="AjaxOrderItemUpdate?calculateOrder=1&amp;itemType=&amp;productId=&amp;ordItemUpdateFlag=2&amp;orderId=.&amp;updatePrices=1&amp;authToken=-1002%252C3jIiHU%252F3lFc4jalpGDAhYOztAdQ%253D&amp;calculationUsage=-1,-2,-3&amp;storeId=10151&amp;errorViewName=AjaxQuickCartDisplay&amp;URL=AjaxQuickCartDisplay&amp;catEntryId=1108761&amp;productSKU=&amp;orderItemId_0=&amp;qtyDecremented=true&amp;langId=44&amp;quantity_0=0">           
         
       <input type="hidden" name="callAjax" value="false">
       
    
    <div class="add2Cart " id="addQtyPanelProduct_1108760">    
        
            <a class="button process addQty  " id="addQty_1108760" href="#">
                Add
            </a>

            <input type="hidden" name="Add" value="Add">
        
    </div>

</form>
<!-- END AddToTrolley.jsp -->
                                    </div>  
                                
                    </div><!-- END priceTabContainer Add container --><!-- Subscribe container --><!-- Start AddToSubscriptionList.jspf --><!-- Start AddToSubscriptionList.jsp --><!-- End AddToSubscriptionList.jsp --><!-- End AddToSubscriptionList.jspf --> 
                </div>  
            </div>  
        </div>
    </div>     
    </div> 
    <div id="additionalItems_1108761" class="additionalItems">
        <!-- BEGIN MerchandisingAssociationsDisplay.jsp --><!-- Start - JSP File Name:  MerchandisingAssociationsDisplay.jsp --><!-- END MerchandisingAssociationsDisplay.jsp -->  
    </div> 

<!-- END CatalogEntryThumbnailDisplay.jsp -->
                            </li>
                        
                            <li>
                                
                                                <div class="trolleySummary"><p class="saving">
                                                         <!-- %@ include file="../../include/PromotionStrapline.jspf"% -->
                                                </p></div>
                                            
                                                <div class="trolleySummary"><p class="saving">
                                                         <!-- %@ include file="../../include/PromotionStrapline.jspf"% -->
                                                </p></div>
                                            
                                                <div class="trolleySummary"><p class="saving">
                                                         <!-- %@ include file="../../include/PromotionStrapline.jspf"% -->
                                                </p></div>
                                            <!-- BEGIN CatalogEntryThumbnailDisplay.jsp -->
    <div class="product ">
        
        <div class="errorBanner hidden" id="error1513794"></div>
                        
        
        <div class="productInner">
            <div class="productInfoWrapper">
                <div class="productInfo">
                    
                            <h3>
                                <a href="https://www.sainsburys.co.uk/shop/gb/groceries/product/details/sainsburys-pineapple-mango-160g">
                                    Sainsbury's Pineapple &amp; Mango 160g
                                    <img src="https://assets.sainsburys-groceries.co.uk/gol/8178043/image.jpg" alt="">
                                </a>
                            </h3>
                        
<div class="promotion">

                        <p>
                            <a strapline="Meal Deal for Â£5.00 | 8178043" href="https://www.sainsburys.co.uk/shop/PromotionDisplayView?listId=2&amp;catalogId=10241&amp;productId=1513794&amp;langId=44&amp;storeId=10151&amp;promotionId=10664136"><!-- BEGIN include/PromotionStrapline.jspf -->Meal Deal for Â£5.00<br>

<!-- FINISH include/PromotionStrapline.jspf -->
                            </a>
                        </p>
                    
                        <p>
                            <a strapline="Meal Deal for Â£3.75 | 8178043" href="https://www.sainsburys.co.uk/shop/PromotionDisplayView?listId=2&amp;catalogId=10241&amp;productId=1513794&amp;langId=44&amp;storeId=10151&amp;promotionId=10669742">PLUS <!-- BEGIN include/PromotionStrapline.jspf -->Meal Deal for Â£3.75<br>

<!-- FINISH include/PromotionStrapline.jspf -->
                            </a>
                        </p>
                                
</div>

                    <div class="ThumbnailRoundel">
                    <!--ThumbnailRoundel --> 
                    </div>
                    <div class="promoBages">
                        <!-- PROMOTION -->
                    </div>


                    <!-- Review --><!-- BEGIN CatalogEntryRatingsReviewsInfo.jspf --><!-- productAllowedRatingsAndReviews: true -->
<div class="reviews">

    <a class="numberOfReviews" href="https://www.sainsburys.co.uk/shop/gb/groceries/product/details/sainsburys-pineapple-mango-160g">
        <img src="//www.sainsburys.co.uk/wcsstore7.137.2/SainsburysStorefrontAssetStore/img/stars/rating-3_9.gif" alt="3.8667" border="0">&nbsp; 
        Reviews (15)
    </a>

</div>
<!-- END CatalogEntryRatingsReviewsInfo.jspf -->
                </div>
                <!--ThumbnailRestriction -->
            </div>
            
            <div class="addToTrolleytabBox">
            <!-- addToTrolleytabBox LIST VIEW--><!-- Start UserSubscribedOrNot.jspf --><!-- Start UserSubscribedOrNot.jsp --><!-- 
    If the user is not logged in, render this opening 
    DIV adding an addtional class to fix the border top which is removed 
    and replaced by the tabs
-->
<div class="addToTrolleytabContainer addItemBorderTop">
<!-- End AddToSubscriptionList.jsp --><!-- End AddSubscriptionList.jspf --><!-- 
                    ATTENTION!!!
                    <div class="addToTrolleytabContainer">
                    This opening div is inside "../../ReusableObjects/UserSubscribedOrNot.jsp"
                    -->
                <div class="pricingAndTrolleyOptions">  
                    <div class="priceTab activeContainer priceTabContainer" id="addItem_1513795"> 
                        <div class="pricing">
                            
<p class="pricePerUnit">
Â£1.35 
</p>

<p class="pricePerMeasure">Â£8.44<abbr title="per">/</abbr><abbr title="kilogram"><span class="pricePerMeasureMeasure">kg</span></abbr>
</p>

                                
                        </div>  
                          
                                    <div class="addToTrolleyForm ">   
                                        <!-- BEGIN AddToTrolley.jsp --><!-- fire an on add to bag here from  -->

<form class="addToTrolleyForm" name="OrderItemAddForm_1513794" action="OrderItemAdd" method="post" id="OrderItemAddForm_1513794">
    <input type="hidden" name="storeId" value="10151">
    <input type="hidden" name="langId" value="44">
    <input type="hidden" name="catalogId" value="10241">
    <input type="hidden" name="authToken" id="authToken1513794" value="-1002%2C3jIiHU%2F3lFc4jalpGDAhYOztAdQ%3D">
    
    
    <input type="hidden" name="errorViewName" value="PromotionDisplayView">
    <input type="hidden" name="SKU_ID" value="8178043">
    <input type="hidden" name="itemType" value="">
    <input type="hidden" name="parentSKU" value="">
    
    
       <input type="hidden" id="productCatentryId_1513795" value="1513794">
       <input type="hidden" id="catEntryId_1513794" value="1513795">
       <input type="hidden" name="ItemSKU_ID" value="8178043">
     
        
        <div class="quantity hidden" id="updateQtyPanelProduct_1513794" data-qty="">
            <ul>
                <li>
                    <a class="button decreaseQty " id="decreaseQty_1513794" href="#">-</a> 
                </li>
                <li>	
                    <label class="access" for="quantity_1513794">Quantity</label>						
                    <a href="#" class="button quantityPlp  " id="quantityUpdate_1513794">
                        </a>
                    <input name="quantity" id="quantity_1513794" type="hidden" size="3" value="" class="quantity">		        
                </li>
                <li>
                    
                    <a class="button increaseQty " id="increaseQty_1513794" href="#">+</a>
                </li>
            </ul>
        </div>				
            
        
            <input type="hidden" name="catEntryId" value="1513795">
        

        <input type="hidden" name="productId" value="1513794">
        

    <input type="hidden" name="URL" value="https://www.sainsburys.co.uk/webapp/wcs/stores/servlet/PromotionDisplayView?listId=2&amp;catalogId=10241&amp;productId=1117540&amp;langId=44&amp;storeId=10151&amp;promotionId=10669742">
    <input type="hidden" name="page" value="">
    <input type="hidden" name="contractId" value="">
    <input type="hidden" name="calculateOrder" value="1">
    <input type="hidden" name="calculationUsage" value="-1,-2,-3">
    <input type="hidden" name="updateable" value="1">
    <input type="hidden" name="merge" value="***">

                                  
            <input type="hidden" id="updateUrl_1513794" updateurlchild_1513795="AjaxOrderItemUpdate?calculateOrder=1&amp;itemType=&amp;ordItemUpdateFlag=0&amp;orderId=.&amp;updatePrices=1&amp;authToken=-1002%252C3jIiHU%252F3lFc4jalpGDAhYOztAdQ%253D&amp;calculationUsage=-1,-2,-3&amp;storeId=10151&amp;errorViewName=AjaxQuickCartDisplay&amp;URL=AjaxQuickCartDisplay&amp;catEntryId=1513795&amp;orderItemId_0=&amp;UOM_0=&amp;langId=44&amp;quantity_0=1">
            <input type="hidden" id="removeUrl_1513794" removeurlchild_1513795="AjaxOrderItemUpdate?calculateOrder=1&amp;itemType=&amp;productId=&amp;ordItemUpdateFlag=2&amp;orderId=.&amp;updatePrices=1&amp;authToken=-1002%252C3jIiHU%252F3lFc4jalpGDAhYOztAdQ%253D&amp;calculationUsage=-1,-2,-3&amp;storeId=10151&amp;errorViewName=AjaxQuickCartDisplay&amp;URL=AjaxQuickCartDisplay&amp;catEntryId=1513795&amp;productSKU=&amp;orderItemId_0=&amp;qtyDecremented=true&amp;langId=44&amp;quantity_0=0">           
         
       <input type="hidden" name="callAjax" value="false">
       
    
    <div class="add2Cart " id="addQtyPanelProduct_1513794">    
        
            <a class="button process addQty  " id="addQty_1513794" href="#">
                Add
            </a>

            <input type="hidden" name="Add" value="Add">
        
    </div>

</form>
<!-- END AddToTrolley.jsp -->
                                    </div>  
                                
                    </div><!-- END priceTabContainer Add container --><!-- Subscribe container --><!-- Start AddToSubscriptionList.jspf --><!-- Start AddToSubscriptionList.jsp --><!-- End AddToSubscriptionList.jsp --><!-- End AddToSubscriptionList.jspf --> 
                </div>  
            </div>  
        </div>
    </div>     
    </div> 
    <div id="additionalItems_1513795" class="additionalItems">
        <!-- BEGIN MerchandisingAssociationsDisplay.jsp --><!-- Start - JSP File Name:  MerchandisingAssociationsDisplay.jsp --><!-- END MerchandisingAssociationsDisplay.jsp -->  
    </div> 

<!-- END CatalogEntryThumbnailDisplay.jsp -->
                            </li>
                        
                            <li>
                                
                                                <div class="trolleySummary"><p class="saving">
                                                         <!-- %@ include file="../../include/PromotionStrapline.jspf"% -->
                                                </p></div>
                                            
                                                <div class="trolleySummary"><p class="saving">
                                                         <!-- %@ include file="../../include/PromotionStrapline.jspf"% -->
                                                </p></div>
                                            
                                                <div class="trolleySummary"><p class="saving">
                                                         <!-- %@ include file="../../include/PromotionStrapline.jspf"% -->
                                                </p></div>
                                            <!-- BEGIN CatalogEntryThumbnailDisplay.jsp -->
    <div class="product ">
        
        <div class="errorBanner hidden" id="error875718"></div>
                        
        
        <div class="productInner">
            <div class="productInfoWrapper">
                <div class="productInfo">
                    
                            <h3>
                                <a href="https://www.sainsburys.co.uk/shop/gb/groceries/product/details/urban-fruit-smashing-strawberry-35g">
                                    Urban Fruit Gently Baked Strawberries 35g
                                    <img src="https://assets.sainsburys-groceries.co.uk/gol/7748522/image.jpg" alt="">
                                </a>
                            </h3>
                        
<div class="promotion">

                        <p>
                            <a strapline="Only 85p: Save 25p | 7748522" href="https://www.sainsburys.co.uk/shop/PromotionDisplayView?catalogId=10241&amp;productId=875718&amp;langId=44&amp;storeId=10151&amp;promotionId=10668017"><!-- BEGIN include/PromotionStrapline.jspf -->Only 85p: Save 25p<br>

<!-- FINISH include/PromotionStrapline.jspf -->
                            </a>
                        </p>
                    
                        <p>
                            <a strapline="Meal Deal for Â£5.00 | 7748522" href="https://www.sainsburys.co.uk/shop/PromotionDisplayView?listId=2&amp;catalogId=10241&amp;productId=875718&amp;langId=44&amp;storeId=10151&amp;promotionId=10664136">PLUS <!-- BEGIN include/PromotionStrapline.jspf -->Meal Deal for Â£5.00<br>

<!-- FINISH include/PromotionStrapline.jspf -->
                            </a>
                        </p>
                    
                        <p>
                            <a strapline="Meal Deal for Â£3.75 | 7748522" href="https://www.sainsburys.co.uk/shop/PromotionDisplayView?listId=2&amp;catalogId=10241&amp;productId=875718&amp;langId=44&amp;storeId=10151&amp;promotionId=10669742">PLUS <!-- BEGIN include/PromotionStrapline.jspf -->Meal Deal for Â£3.75<br>

<!-- FINISH include/PromotionStrapline.jspf -->
                            </a>
                        </p>
                                
</div>

                    <div class="ThumbnailRoundel">
                    <!--ThumbnailRoundel --> 
                    </div>
                    <div class="promoBages">
                        <!-- PROMOTION -->
                    </div>


                    <!-- Review --><!-- BEGIN CatalogEntryRatingsReviewsInfo.jspf --><!-- productAllowedRatingsAndReviews: true -->
<div class="reviews">

    <a class="numberOfReviews" href="https://www.sainsburys.co.uk/shop/gb/groceries/product/details/urban-fruit-smashing-strawberry-35g">
        <img src="//www.sainsburys.co.uk/wcsstore7.137.2/SainsburysStorefrontAssetStore/img/stars/rating-4_4.gif" alt="4.4444" border="0">&nbsp; 
        Reviews (18)
    </a>

</div>
<!-- END CatalogEntryRatingsReviewsInfo.jspf -->
                </div>
                <!--ThumbnailRestriction -->
            </div>
            
            <div class="addToTrolleytabBox">
            <!-- addToTrolleytabBox LIST VIEW--><!-- Start UserSubscribedOrNot.jspf --><!-- Start UserSubscribedOrNot.jsp --><!-- 
    If the user is not logged in, render this opening 
    DIV adding an addtional class to fix the border top which is removed 
    and replaced by the tabs
-->
<div class="addToTrolleytabContainer addItemBorderTop">
<!-- End AddToSubscriptionList.jsp --><!-- End AddSubscriptionList.jspf --><!-- 
                    ATTENTION!!!
                    <div class="addToTrolleytabContainer">
                    This opening div is inside "../../ReusableObjects/UserSubscribedOrNot.jsp"
                    -->
                <div class="pricingAndTrolleyOptions">  
                    <div class="priceTab activeContainer priceTabContainer" id="addItem_875719"> 
                        <div class="pricing">
                            
<p class="pricePerUnit">
85p 
</p>

<p class="pricePerMeasure">Â£2.43<abbr title="per">/</abbr>100<abbr title="gram"><span class="pricePerMeasureMeasure">g</span></abbr>
</p>

                                
                        </div>  
                          
                                    <div class="addToTrolleyForm ">   
                                        <!-- BEGIN AddToTrolley.jsp --><!-- fire an on add to bag here from  -->

<form class="addToTrolleyForm" name="OrderItemAddForm_875718" action="OrderItemAdd" method="post" id="OrderItemAddForm_875718">
    <input type="hidden" name="storeId" value="10151">
    <input type="hidden" name="langId" value="44">
    <input type="hidden" name="catalogId" value="10241">
    <input type="hidden" name="authToken" id="authToken875718" value="-1002%2C3jIiHU%2F3lFc4jalpGDAhYOztAdQ%3D">
    
    
    <input type="hidden" name="errorViewName" value="PromotionDisplayView">
    <input type="hidden" name="SKU_ID" value="7748522">
    <input type="hidden" name="itemType" value="">
    <input type="hidden" name="parentSKU" value="">
    
    
       <input type="hidden" id="productCatentryId_875719" value="875718">
       <input type="hidden" id="catEntryId_875718" value="875719">
       <input type="hidden" name="ItemSKU_ID" value="7748522">
     
        
        <div class="quantity hidden" id="updateQtyPanelProduct_875718" data-qty="">
            <ul>
                <li>
                    <a class="button decreaseQty " id="decreaseQty_875718" href="#">-</a> 
                </li>
                <li>	
                    <label class="access" for="quantity_875718">Quantity</label>						
                    <a href="#" class="button quantityPlp  " id="quantityUpdate_875718">
                        </a>
                    <input name="quantity" id="quantity_875718" type="hidden" size="3" value="" class="quantity">		        
                </li>
                <li>
                    
                    <a class="button increaseQty " id="increaseQty_875718" href="#">+</a>
                </li>
            </ul>
        </div>				
            
        
            <input type="hidden" name="catEntryId" value="875719">
        

        <input type="hidden" name="productId" value="875718">
        

    <input type="hidden" name="URL" value="https://www.sainsburys.co.uk/webapp/wcs/stores/servlet/PromotionDisplayView?listId=2&amp;catalogId=10241&amp;productId=1117540&amp;langId=44&amp;storeId=10151&amp;promotionId=10669742">
    <input type="hidden" name="page" value="">
    <input type="hidden" name="contractId" value="">
    <input type="hidden" name="calculateOrder" value="1">
    <input type="hidden" name="calculationUsage" value="-1,-2,-3">
    <input type="hidden" name="updateable" value="1">
    <input type="hidden" name="merge" value="***">

                                  
            <input type="hidden" id="updateUrl_875718" updateurlchild_875719="AjaxOrderItemUpdate?calculateOrder=1&amp;itemType=&amp;ordItemUpdateFlag=0&amp;orderId=.&amp;updatePrices=1&amp;authToken=-1002%252C3jIiHU%252F3lFc4jalpGDAhYOztAdQ%253D&amp;calculationUsage=-1,-2,-3&amp;storeId=10151&amp;errorViewName=AjaxQuickCartDisplay&amp;URL=AjaxQuickCartDisplay&amp;catEntryId=875719&amp;orderItemId_0=&amp;UOM_0=&amp;langId=44&amp;quantity_0=1">
            <input type="hidden" id="removeUrl_875718" removeurlchild_875719="AjaxOrderItemUpdate?calculateOrder=1&amp;itemType=&amp;productId=&amp;ordItemUpdateFlag=2&amp;orderId=.&amp;updatePrices=1&amp;authToken=-1002%252C3jIiHU%252F3lFc4jalpGDAhYOztAdQ%253D&amp;calculationUsage=-1,-2,-3&amp;storeId=10151&amp;errorViewName=AjaxQuickCartDisplay&amp;URL=AjaxQuickCartDisplay&amp;catEntryId=875719&amp;productSKU=&amp;orderItemId_0=&amp;qtyDecremented=true&amp;langId=44&amp;quantity_0=0">           
         
       <input type="hidden" name="callAjax" value="false">
       
    
    <div class="add2Cart " id="addQtyPanelProduct_875718">    
        
            <a class="button process addQty  " id="addQty_875718" href="#">
                Add
            </a>

            <input type="hidden" name="Add" value="Add">
        
    </div>

</form>
<!-- END AddToTrolley.jsp -->
                                    </div>  
                                
                    </div><!-- END priceTabContainer Add container --><!-- Subscribe container --><!-- Start AddToSubscriptionList.jspf --><!-- Start AddToSubscriptionList.jsp --><!-- End AddToSubscriptionList.jsp --><!-- End AddToSubscriptionList.jspf --> 
                </div>  
            </div>  
        </div>
    </div>     
    </div> 
    <div id="additionalItems_875719" class="additionalItems">
        <!-- BEGIN MerchandisingAssociationsDisplay.jsp --><!-- Start - JSP File Name:  MerchandisingAssociationsDisplay.jsp --><!-- END MerchandisingAssociationsDisplay.jsp -->  
    </div> 

<!-- END CatalogEntryThumbnailDisplay.jsp -->
                            </li>
                        
                            <li>
                                
                                                <div class="trolleySummary"><p class="saving">
                                                         <!-- %@ include file="../../include/PromotionStrapline.jspf"% -->
                                                </p></div>
                                            
                                                <div class="trolleySummary"><p class="saving">
                                                         <!-- %@ include file="../../include/PromotionStrapline.jspf"% -->
                                                </p></div>
                                            
                                                <div class="trolleySummary"><p class="saving">
                                                         <!-- %@ include file="../../include/PromotionStrapline.jspf"% -->
                                                </p></div>
                                            <!-- BEGIN CatalogEntryThumbnailDisplay.jsp -->
    <div class="product ">
        
        <div class="errorBanner hidden" id="error1391274"></div>
                        
        
        <div class="productInner">
            <div class="productInfoWrapper">
                <div class="productInfo">
                    
                            <h3>
                                <a href="https://www.sainsburys.co.uk/shop/gb/groceries/product/details/sainsburys-on-the-go-scotch-egg-113g">
                                    Sainsbury's On the Go Scotch Egg 113g
                                    <img src="https://assets.sainsburys-groceries.co.uk/gol/8056842/image.jpg" alt="">
                                </a>
                            </h3>
                        
<div class="promotion">

                        <p>
                            <a strapline="Meal Deal for Â£5.00 | 8056842" href="https://www.sainsburys.co.uk/shop/PromotionDisplayView?listId=2&amp;catalogId=10241&amp;productId=1391274&amp;langId=44&amp;storeId=10151&amp;promotionId=10664136"><!-- BEGIN include/PromotionStrapline.jspf -->Meal Deal for Â£5.00<br>

<!-- FINISH include/PromotionStrapline.jspf -->
                            </a>
                        </p>
                    
                        <p>
                            <a strapline="Meal Deal for Â£3.75 | 8056842" href="https://www.sainsburys.co.uk/shop/PromotionDisplayView?listId=2&amp;catalogId=10241&amp;productId=1391274&amp;langId=44&amp;storeId=10151&amp;promotionId=10669742">PLUS <!-- BEGIN include/PromotionStrapline.jspf -->Meal Deal for Â£3.75<br>

<!-- FINISH include/PromotionStrapline.jspf -->
                            </a>
                        </p>
                                
</div>

                    <div class="ThumbnailRoundel">
                    <!--ThumbnailRoundel --> 
                    </div>
                    <div class="promoBages">
                        <!-- PROMOTION -->
                    </div>


                    <!-- Review --><!-- BEGIN CatalogEntryRatingsReviewsInfo.jspf --><!-- productAllowedRatingsAndReviews: true -->
<div class="reviews">

    <a class="numberOfReviews" href="https://www.sainsburys.co.uk/shop/gb/groceries/product/details/sainsburys-on-the-go-scotch-egg-113g">
        <img src="//www.sainsburys.co.uk/wcsstore7.137.2/SainsburysStorefrontAssetStore/img/stars/rating-4_5.gif" alt="4.4667" border="0">&nbsp; 
        Reviews (15)
    </a>

</div>
<!-- END CatalogEntryRatingsReviewsInfo.jspf -->
                </div>
                <!--ThumbnailRestriction -->
            </div>
            
            <div class="addToTrolleytabBox">
            <!-- addToTrolleytabBox LIST VIEW--><!-- Start UserSubscribedOrNot.jspf --><!-- Start UserSubscribedOrNot.jsp --><!-- 
    If the user is not logged in, render this opening 
    DIV adding an addtional class to fix the border top which is removed 
    and replaced by the tabs
-->
<div class="addToTrolleytabContainer addItemBorderTop">
<!-- End AddToSubscriptionList.jsp --><!-- End AddSubscriptionList.jspf --><!-- 
                    ATTENTION!!!
                    <div class="addToTrolleytabContainer">
                    This opening div is inside "../../ReusableObjects/UserSubscribedOrNot.jsp"
                    -->
                <div class="pricingAndTrolleyOptions">  
                    <div class="priceTab activeContainer priceTabContainer" id="addItem_1391275"> 
                        <div class="pricing">
                            
<p class="pricePerUnit">
Â£1.30 
</p>

<p class="pricePerMeasure">Â£1.15<abbr title="per">/</abbr>100<abbr title="gram"><span class="pricePerMeasureMeasure">g</span></abbr>
</p>

                                
                        </div>  
                          
                                    <div class="addToTrolleyForm ">   
                                        <!-- BEGIN AddToTrolley.jsp --><!-- fire an on add to bag here from  -->

<form class="addToTrolleyForm" name="OrderItemAddForm_1391274" action="OrderItemAdd" method="post" id="OrderItemAddForm_1391274">
    <input type="hidden" name="storeId" value="10151">
    <input type="hidden" name="langId" value="44">
    <input type="hidden" name="catalogId" value="10241">
    <input type="hidden" name="authToken" id="authToken1391274" value="-1002%2C3jIiHU%2F3lFc4jalpGDAhYOztAdQ%3D">
    
    
    <input type="hidden" name="errorViewName" value="PromotionDisplayView">
    <input type="hidden" name="SKU_ID" value="8056842">
    <input type="hidden" name="itemType" value="">
    <input type="hidden" name="parentSKU" value="">
    
    
       <input type="hidden" id="productCatentryId_1391275" value="1391274">
       <input type="hidden" id="catEntryId_1391274" value="1391275">
       <input type="hidden" name="ItemSKU_ID" value="8056842">
     
        
        <div class="quantity hidden" id="updateQtyPanelProduct_1391274" data-qty="">
            <ul>
                <li>
                    <a class="button decreaseQty " id="decreaseQty_1391274" href="#">-</a> 
                </li>
                <li>	
                    <label class="access" for="quantity_1391274">Quantity</label>						
                    <a href="#" class="button quantityPlp  " id="quantityUpdate_1391274">
                        </a>
                    <input name="quantity" id="quantity_1391274" type="hidden" size="3" value="" class="quantity">		        
                </li>
                <li>
                    
                    <a class="button increaseQty " id="increaseQty_1391274" href="#">+</a>
                </li>
            </ul>
        </div>				
            
        
            <input type="hidden" name="catEntryId" value="1391275">
        

        <input type="hidden" name="productId" value="1391274">
        

    <input type="hidden" name="URL" value="https://www.sainsburys.co.uk/webapp/wcs/stores/servlet/PromotionDisplayView?listId=2&amp;catalogId=10241&amp;productId=1117540&amp;langId=44&amp;storeId=10151&amp;promotionId=10669742">
    <input type="hidden" name="page" value="">
    <input type="hidden" name="contractId" value="">
    <input type="hidden" name="calculateOrder" value="1">
    <input type="hidden" name="calculationUsage" value="-1,-2,-3">
    <input type="hidden" name="updateable" value="1">
    <input type="hidden" name="merge" value="***">

                                  
            <input type="hidden" id="updateUrl_1391274" updateurlchild_1391275="AjaxOrderItemUpdate?calculateOrder=1&amp;itemType=&amp;ordItemUpdateFlag=0&amp;orderId=.&amp;updatePrices=1&amp;authToken=-1002%252C3jIiHU%252F3lFc4jalpGDAhYOztAdQ%253D&amp;calculationUsage=-1,-2,-3&amp;storeId=10151&amp;errorViewName=AjaxQuickCartDisplay&amp;URL=AjaxQuickCartDisplay&amp;catEntryId=1391275&amp;orderItemId_0=&amp;UOM_0=&amp;langId=44&amp;quantity_0=1">
            <input type="hidden" id="removeUrl_1391274" removeurlchild_1391275="AjaxOrderItemUpdate?calculateOrder=1&amp;itemType=&amp;productId=&amp;ordItemUpdateFlag=2&amp;orderId=.&amp;updatePrices=1&amp;authToken=-1002%252C3jIiHU%252F3lFc4jalpGDAhYOztAdQ%253D&amp;calculationUsage=-1,-2,-3&amp;storeId=10151&amp;errorViewName=AjaxQuickCartDisplay&amp;URL=AjaxQuickCartDisplay&amp;catEntryId=1391275&amp;productSKU=&amp;orderItemId_0=&amp;qtyDecremented=true&amp;langId=44&amp;quantity_0=0">           
         
       <input type="hidden" name="callAjax" value="false">
       
    
    <div class="add2Cart " id="addQtyPanelProduct_1391274">    
        
            <a class="button process addQty  " id="addQty_1391274" href="#">
                Add
            </a>

            <input type="hidden" name="Add" value="Add">
        
    </div>

</form>
<!-- END AddToTrolley.jsp -->
                                    </div>  
                                
                    </div><!-- END priceTabContainer Add container --><!-- Subscribe container --><!-- Start AddToSubscriptionList.jspf --><!-- Start AddToSubscriptionList.jsp --><!-- End AddToSubscriptionList.jsp --><!-- End AddToSubscriptionList.jspf --> 
                </div>  
            </div>  
        </div>
    </div>     
    </div> 
    <div id="additionalItems_1391275" class="additionalItems">
        <!-- BEGIN MerchandisingAssociationsDisplay.jsp --><!-- Start - JSP File Name:  MerchandisingAssociationsDisplay.jsp --><!-- END MerchandisingAssociationsDisplay.jsp -->  
    </div> 

<!-- END CatalogEntryThumbnailDisplay.jsp -->
                            </li>
                        
                            <li>
                                
                                                <div class="trolleySummary"><p class="saving">
                                                         <!-- %@ include file="../../include/PromotionStrapline.jspf"% -->
                                                </p></div>
                                            
                                                <div class="trolleySummary"><p class="saving">
                                                         <!-- %@ include file="../../include/PromotionStrapline.jspf"% -->
                                                </p></div>
                                            
                                                <div class="trolleySummary"><p class="saving">
                                                         <!-- %@ include file="../../include/PromotionStrapline.jspf"% -->
                                                </p></div>
                                            <!-- BEGIN CatalogEntryThumbnailDisplay.jsp -->
    <div class="product ">
        
        <div class="errorBanner hidden" id="error94448"></div>
                        
        
        <div class="productInner">
            <div class="productInfoWrapper">
                <div class="productInfo">
                    
                            <h3>
                                <a href="https://www.sainsburys.co.uk/shop/gb/groceries/product/details/nature-valley-oats-n-honey-42g">
                                    Nature Valley Crunchy Oats &amp; Honey Cereal Bar 42g
                                    <img src="https://assets.sainsburys-groceries.co.uk/gol/6924968/image.jpg" alt="">
                                </a>
                            </h3>
                        
<div class="promotion">

                        <p>
                            <a strapline="Meal Deal for Â£5.00 | 6924968" href="https://www.sainsburys.co.uk/shop/PromotionDisplayView?listId=2&amp;catalogId=10241&amp;productId=94448&amp;langId=44&amp;storeId=10151&amp;promotionId=10664136"><!-- BEGIN include/PromotionStrapline.jspf -->Meal Deal for Â£5.00<br>

<!-- FINISH include/PromotionStrapline.jspf -->
                            </a>
                        </p>
                    
                        <p>
                            <a strapline="Meal Deal for Â£3.75 | 6924968" href="https://www.sainsburys.co.uk/shop/PromotionDisplayView?listId=2&amp;catalogId=10241&amp;productId=94448&amp;langId=44&amp;storeId=10151&amp;promotionId=10669742">PLUS <!-- BEGIN include/PromotionStrapline.jspf -->Meal Deal for Â£3.75<br>

<!-- FINISH include/PromotionStrapline.jspf -->
                            </a>
                        </p>
                                
</div>

                    <div class="ThumbnailRoundel">
                    <!--ThumbnailRoundel --> 
                    </div>
                    <div class="promoBages">
                        <!-- PROMOTION -->
                    </div>


                    <!-- Review --><!-- BEGIN CatalogEntryRatingsReviewsInfo.jspf --><!-- productAllowedRatingsAndReviews: true -->
<div class="reviews">

    <a class="numberOfReviews" href="https://www.sainsburys.co.uk/shop/gb/groceries/product/details/nature-valley-oats-n-honey-42g">
        <img src="//www.sainsburys.co.uk/wcsstore7.137.2/SainsburysStorefrontAssetStore/img/stars/rating-4_3.gif" alt="4.3115" border="0">&nbsp; 
        Reviews (61)
    </a>

</div>
<!-- END CatalogEntryRatingsReviewsInfo.jspf -->
                </div>
                <!--ThumbnailRestriction -->
            </div>
            
            <div class="addToTrolleytabBox">
            <!-- addToTrolleytabBox LIST VIEW--><!-- Start UserSubscribedOrNot.jspf --><!-- Start UserSubscribedOrNot.jsp --><!-- 
    If the user is not logged in, render this opening 
    DIV adding an addtional class to fix the border top which is removed 
    and replaced by the tabs
-->
<div class="addToTrolleytabContainer addItemBorderTop">
<!-- End AddToSubscriptionList.jsp --><!-- End AddSubscriptionList.jspf --><!-- 
                    ATTENTION!!!
                    <div class="addToTrolleytabContainer">
                    This opening div is inside "../../ReusableObjects/UserSubscribedOrNot.jsp"
                    -->
                <div class="pricingAndTrolleyOptions">  
                    <div class="priceTab activeContainer priceTabContainer" id="addItem_94449"> 
                        <div class="pricing">
                            
<p class="pricePerUnit">
75p 
</p>

<p class="pricePerMeasure">Â£1.79<abbr title="per">/</abbr>100<abbr title="gram"><span class="pricePerMeasureMeasure">g</span></abbr>
</p>

                                
                        </div>  
                          
                                    <div class="addToTrolleyForm ">   
                                        <!-- BEGIN AddToTrolley.jsp --><!-- fire an on add to bag here from  -->

<form class="addToTrolleyForm" name="OrderItemAddForm_94448" action="OrderItemAdd" method="post" id="OrderItemAddForm_94448">
    <input type="hidden" name="storeId" value="10151">
    <input type="hidden" name="langId" value="44">
    <input type="hidden" name="catalogId" value="10241">
    <input type="hidden" name="authToken" id="authToken94448" value="-1002%2C3jIiHU%2F3lFc4jalpGDAhYOztAdQ%3D">
    
    
    <input type="hidden" name="errorViewName" value="PromotionDisplayView">
    <input type="hidden" name="SKU_ID" value="6924968">
    <input type="hidden" name="itemType" value="">
    <input type="hidden" name="parentSKU" value="">
    
    
       <input type="hidden" id="productCatentryId_94449" value="94448">
       <input type="hidden" id="catEntryId_94448" value="94449">
       <input type="hidden" name="ItemSKU_ID" value="6924968">
     
        
        <div class="quantity hidden" id="updateQtyPanelProduct_94448" data-qty="">
            <ul>
                <li>
                    <a class="button decreaseQty " id="decreaseQty_94448" href="#">-</a> 
                </li>
                <li>	
                    <label class="access" for="quantity_94448">Quantity</label>						
                    <a href="#" class="button quantityPlp  " id="quantityUpdate_94448">
                        </a>
                    <input name="quantity" id="quantity_94448" type="hidden" size="3" value="" class="quantity">		        
                </li>
                <li>
                    
                    <a class="button increaseQty " id="increaseQty_94448" href="#">+</a>
                </li>
            </ul>
        </div>				
            
        
            <input type="hidden" name="catEntryId" value="94449">
        

        <input type="hidden" name="productId" value="94448">
        

    <input type="hidden" name="URL" value="https://www.sainsburys.co.uk/webapp/wcs/stores/servlet/PromotionDisplayView?listId=2&amp;catalogId=10241&amp;productId=1117540&amp;langId=44&amp;storeId=10151&amp;promotionId=10669742">
    <input type="hidden" name="page" value="">
    <input type="hidden" name="contractId" value="">
    <input type="hidden" name="calculateOrder" value="1">
    <input type="hidden" name="calculationUsage" value="-1,-2,-3">
    <input type="hidden" name="updateable" value="1">
    <input type="hidden" name="merge" value="***">

                                  
            <input type="hidden" id="updateUrl_94448" updateurlchild_94449="AjaxOrderItemUpdate?calculateOrder=1&amp;itemType=&amp;ordItemUpdateFlag=0&amp;orderId=.&amp;updatePrices=1&amp;authToken=-1002%252C3jIiHU%252F3lFc4jalpGDAhYOztAdQ%253D&amp;calculationUsage=-1,-2,-3&amp;storeId=10151&amp;errorViewName=AjaxQuickCartDisplay&amp;URL=AjaxQuickCartDisplay&amp;catEntryId=94449&amp;orderItemId_0=&amp;UOM_0=&amp;langId=44&amp;quantity_0=1">
            <input type="hidden" id="removeUrl_94448" removeurlchild_94449="AjaxOrderItemUpdate?calculateOrder=1&amp;itemType=&amp;productId=&amp;ordItemUpdateFlag=2&amp;orderId=.&amp;updatePrices=1&amp;authToken=-1002%252C3jIiHU%252F3lFc4jalpGDAhYOztAdQ%253D&amp;calculationUsage=-1,-2,-3&amp;storeId=10151&amp;errorViewName=AjaxQuickCartDisplay&amp;URL=AjaxQuickCartDisplay&amp;catEntryId=94449&amp;productSKU=&amp;orderItemId_0=&amp;qtyDecremented=true&amp;langId=44&amp;quantity_0=0">           
         
       <input type="hidden" name="callAjax" value="false">
       
    
    <div class="add2Cart " id="addQtyPanelProduct_94448">    
        
            <a class="button process addQty  " id="addQty_94448" href="#">
                Add
            </a>

            <input type="hidden" name="Add" value="Add">
        
    </div>

</form>
<!-- END AddToTrolley.jsp -->
                                    </div>  
                                
                    </div><!-- END priceTabContainer Add container --><!-- Subscribe container --><!-- Start AddToSubscriptionList.jspf --><!-- Start AddToSubscriptionList.jsp --><!-- End AddToSubscriptionList.jsp --><!-- End AddToSubscriptionList.jspf --> 
                </div>  
            </div>  
        </div>
    </div>     
    </div> 
    <div id="additionalItems_94449" class="additionalItems">
        <!-- BEGIN MerchandisingAssociationsDisplay.jsp --><!-- Start - JSP File Name:  MerchandisingAssociationsDisplay.jsp --><!-- END MerchandisingAssociationsDisplay.jsp -->  
    </div> 

<!-- END CatalogEntryThumbnailDisplay.jsp -->
                            </li>
                        
                            <li>
                                
                                                <div class="trolleySummary"><p class="saving">
                                                         <!-- %@ include file="../../include/PromotionStrapline.jspf"% -->
                                                </p></div>
                                            
                                                <div class="trolleySummary"><p class="saving">
                                                         <!-- %@ include file="../../include/PromotionStrapline.jspf"% -->
                                                </p></div>
                                            
                                                <div class="trolleySummary"><p class="saving">
                                                         <!-- %@ include file="../../include/PromotionStrapline.jspf"% -->
                                                </p></div>
                                            <!-- BEGIN CatalogEntryThumbnailDisplay.jsp -->
    <div class="product ">
        
        <div class="errorBanner hidden" id="error1326672"></div>
                        
        
        <div class="productInner">
            <div class="productInfoWrapper">
                <div class="productInfo">
                    
                            <h3>
                                <a href="https://www.sainsburys.co.uk/shop/gb/groceries/product/details/sainsburys-double-chocolate-brownie-50g">
                                    Sainsbury's Double Chocolate Brownie 50g
                                    <img src="https://assets.sainsburys-groceries.co.uk/gol/7999038/image.jpg" alt="">
                                </a>
                            </h3>
                        
<div class="promotion">

                        <p>
                            <a strapline="Meal Deal for Â£5.00 | 7999038" href="https://www.sainsburys.co.uk/shop/PromotionDisplayView?listId=2&amp;catalogId=10241&amp;productId=1326672&amp;langId=44&amp;storeId=10151&amp;promotionId=10664136"><!-- BEGIN include/PromotionStrapline.jspf -->Meal Deal for Â£5.00<br>

<!-- FINISH include/PromotionStrapline.jspf -->
                            </a>
                        </p>
                    
                        <p>
                            <a strapline="Meal Deal for Â£3.75 | 7999038" href="https://www.sainsburys.co.uk/shop/PromotionDisplayView?listId=2&amp;catalogId=10241&amp;productId=1326672&amp;langId=44&amp;storeId=10151&amp;promotionId=10669742">PLUS <!-- BEGIN include/PromotionStrapline.jspf -->Meal Deal for Â£3.75<br>

<!-- FINISH include/PromotionStrapline.jspf -->
                            </a>
                        </p>
                                
</div>

                    <div class="ThumbnailRoundel">
                    <!--ThumbnailRoundel --> 
                    </div>
                    <div class="promoBages">
                        <!-- PROMOTION -->
                    </div>


                    <!-- Review --><!-- BEGIN CatalogEntryRatingsReviewsInfo.jspf --><!-- productAllowedRatingsAndReviews: true -->
<div class="reviews">

    <a class="numberOfReviews" href="https://www.sainsburys.co.uk/shop/gb/groceries/product/details/sainsburys-double-chocolate-brownie-50g">
        <img src="//www.sainsburys.co.uk/wcsstore7.137.2/SainsburysStorefrontAssetStore/img/stars/rating-3_7.gif" alt="3.7143" border="0">&nbsp; 
        Reviews (7)
    </a>

</div>
<!-- END CatalogEntryRatingsReviewsInfo.jspf -->
                </div>
                <!--ThumbnailRestriction -->
            </div>
            
            <div class="addToTrolleytabBox">
            <!-- addToTrolleytabBox LIST VIEW--><!-- Start UserSubscribedOrNot.jspf --><!-- Start UserSubscribedOrNot.jsp --><!-- 
    If the user is not logged in, render this opening 
    DIV adding an addtional class to fix the border top which is removed 
    and replaced by the tabs
-->
<div class="addToTrolleytabContainer addItemBorderTop">
<!-- End AddToSubscriptionList.jsp --><!-- End AddSubscriptionList.jspf --><!-- 
                    ATTENTION!!!
                    <div class="addToTrolleytabContainer">
                    This opening div is inside "../../ReusableObjects/UserSubscribedOrNot.jsp"
                    -->
                <div class="pricingAndTrolleyOptions">  
                    <div class="priceTab activeContainer priceTabContainer" id="addItem_1326673"> 
                        <div class="pricing">
                            
<p class="pricePerUnit">
Â£1.00 
</p>

<p class="pricePerMeasure">Â£20.00<abbr title="per">/</abbr><abbr title="kilogram"><span class="pricePerMeasureMeasure">kg</span></abbr>
</p>

                                
                        </div>  
                          
                                    <div class="addToTrolleyForm ">   
                                        <!-- BEGIN AddToTrolley.jsp --><!-- fire an on add to bag here from  -->

<form class="addToTrolleyForm" name="OrderItemAddForm_1326672" action="OrderItemAdd" method="post" id="OrderItemAddForm_1326672">
    <input type="hidden" name="storeId" value="10151">
    <input type="hidden" name="langId" value="44">
    <input type="hidden" name="catalogId" value="10241">
    <input type="hidden" name="authToken" id="authToken1326672" value="-1002%2C3jIiHU%2F3lFc4jalpGDAhYOztAdQ%3D">
    
    
    <input type="hidden" name="errorViewName" value="PromotionDisplayView">
    <input type="hidden" name="SKU_ID" value="7999038">
    <input type="hidden" name="itemType" value="">
    <input type="hidden" name="parentSKU" value="">
    
    
       <input type="hidden" id="productCatentryId_1326673" value="1326672">
       <input type="hidden" id="catEntryId_1326672" value="1326673">
       <input type="hidden" name="ItemSKU_ID" value="7999038">
     
        
        <div class="quantity hidden" id="updateQtyPanelProduct_1326672" data-qty="">
            <ul>
                <li>
                    <a class="button decreaseQty " id="decreaseQty_1326672" href="#">-</a> 
                </li>
                <li>	
                    <label class="access" for="quantity_1326672">Quantity</label>						
                    <a href="#" class="button quantityPlp  " id="quantityUpdate_1326672">
                        </a>
                    <input name="quantity" id="quantity_1326672" type="hidden" size="3" value="" class="quantity">		        
                </li>
                <li>
                    
                    <a class="button increaseQty " id="increaseQty_1326672" href="#">+</a>
                </li>
            </ul>
        </div>				
            
        
            <input type="hidden" name="catEntryId" value="1326673">
        

        <input type="hidden" name="productId" value="1326672">
        

    <input type="hidden" name="URL" value="https://www.sainsburys.co.uk/webapp/wcs/stores/servlet/PromotionDisplayView?listId=2&amp;catalogId=10241&amp;productId=1117540&amp;langId=44&amp;storeId=10151&amp;promotionId=10669742">
    <input type="hidden" name="page" value="">
    <input type="hidden" name="contractId" value="">
    <input type="hidden" name="calculateOrder" value="1">
    <input type="hidden" name="calculationUsage" value="-1,-2,-3">
    <input type="hidden" name="updateable" value="1">
    <input type="hidden" name="merge" value="***">

                                  
            <input type="hidden" id="updateUrl_1326672" updateurlchild_1326673="AjaxOrderItemUpdate?calculateOrder=1&amp;itemType=&amp;ordItemUpdateFlag=0&amp;orderId=.&amp;updatePrices=1&amp;authToken=-1002%252C3jIiHU%252F3lFc4jalpGDAhYOztAdQ%253D&amp;calculationUsage=-1,-2,-3&amp;storeId=10151&amp;errorViewName=AjaxQuickCartDisplay&amp;URL=AjaxQuickCartDisplay&amp;catEntryId=1326673&amp;orderItemId_0=&amp;UOM_0=&amp;langId=44&amp;quantity_0=1">
            <input type="hidden" id="removeUrl_1326672" removeurlchild_1326673="AjaxOrderItemUpdate?calculateOrder=1&amp;itemType=&amp;productId=&amp;ordItemUpdateFlag=2&amp;orderId=.&amp;updatePrices=1&amp;authToken=-1002%252C3jIiHU%252F3lFc4jalpGDAhYOztAdQ%253D&amp;calculationUsage=-1,-2,-3&amp;storeId=10151&amp;errorViewName=AjaxQuickCartDisplay&amp;URL=AjaxQuickCartDisplay&amp;catEntryId=1326673&amp;productSKU=&amp;orderItemId_0=&amp;qtyDecremented=true&amp;langId=44&amp;quantity_0=0">           
         
       <input type="hidden" name="callAjax" value="false">
       
    
    <div class="add2Cart " id="addQtyPanelProduct_1326672">    
        
            <a class="button process addQty  " id="addQty_1326672" href="#">
                Add
            </a>

            <input type="hidden" name="Add" value="Add">
        
    </div>

</form>
<!-- END AddToTrolley.jsp -->
                                    </div>  
                                
                    </div><!-- END priceTabContainer Add container --><!-- Subscribe container --><!-- Start AddToSubscriptionList.jspf --><!-- Start AddToSubscriptionList.jsp --><!-- End AddToSubscriptionList.jsp --><!-- End AddToSubscriptionList.jspf --> 
                </div>  
            </div>  
        </div>
    </div>     
    </div> 
    <div id="additionalItems_1326673" class="additionalItems">
        <!-- BEGIN MerchandisingAssociationsDisplay.jsp --><!-- Start - JSP File Name:  MerchandisingAssociationsDisplay.jsp --><!-- END MerchandisingAssociationsDisplay.jsp -->  
    </div> 

<!-- END CatalogEntryThumbnailDisplay.jsp -->
                            </li>
                        
                            <li>
                                
                                                <div class="trolleySummary"><p class="saving">
                                                         <!-- %@ include file="../../include/PromotionStrapline.jspf"% -->
                                                </p></div>
                                            
                                                <div class="trolleySummary"><p class="saving">
                                                         <!-- %@ include file="../../include/PromotionStrapline.jspf"% -->
                                                </p></div>
                                            
                                                <div class="trolleySummary"><p class="saving">
                                                         <!-- %@ include file="../../include/PromotionStrapline.jspf"% -->
                                                </p></div>
                                            <!-- BEGIN CatalogEntryThumbnailDisplay.jsp -->
    <div class="product ">
        
        <div class="errorBanner hidden" id="error1388016"></div>
                        
        
        <div class="productInner">
            <div class="productInfoWrapper">
                <div class="productInfo">
                    
                            <h3>
                                <a href="https://www.sainsburys.co.uk/shop/gb/groceries/product/details/sainsburys-cocktail-sausages-heinz-ketchup-98g">
                                    Sainsbury's Cocktail Sausages &amp; Tomato Ketchup 98g
                                    <img src="https://assets.sainsburys-groceries.co.uk/gol/8052900/image.jpg" alt="">
                                </a>
                            </h3>
                        
<div class="promotion">

                        <p>
                            <a strapline="Meal Deal for Â£5.00 | 8052900" href="https://www.sainsburys.co.uk/shop/PromotionDisplayView?listId=2&amp;catalogId=10241&amp;productId=1388016&amp;langId=44&amp;storeId=10151&amp;promotionId=10664136"><!-- BEGIN include/PromotionStrapline.jspf -->Meal Deal for Â£5.00<br>

<!-- FINISH include/PromotionStrapline.jspf -->
                            </a>
                        </p>
                    
                        <p>
                            <a strapline="Meal Deal for Â£3.75 | 8052900" href="https://www.sainsburys.co.uk/shop/PromotionDisplayView?listId=2&amp;catalogId=10241&amp;productId=1388016&amp;langId=44&amp;storeId=10151&amp;promotionId=10669742">PLUS <!-- BEGIN include/PromotionStrapline.jspf -->Meal Deal for Â£3.75<br>

<!-- FINISH include/PromotionStrapline.jspf -->
                            </a>
                        </p>
                                
</div>

                    <div class="ThumbnailRoundel">
                    <!--ThumbnailRoundel --> 
                    </div>
                    <div class="promoBages">
                        <!-- PROMOTION -->
                    </div>


                    <!-- Review --><!-- BEGIN CatalogEntryRatingsReviewsInfo.jspf --><!-- productAllowedRatingsAndReviews: true -->
<div class="reviews">

    <a class="numberOfReviews" href="https://www.sainsburys.co.uk/shop/gb/groceries/product/details/sainsburys-cocktail-sausages-heinz-ketchup-98g">
        <img src="//www.sainsburys.co.uk/wcsstore7.137.2/SainsburysStorefrontAssetStore/img/stars/rating-4_2.gif" alt="4.1538" border="0">&nbsp; 
        Reviews (13)
    </a>

</div>
<!-- END CatalogEntryRatingsReviewsInfo.jspf -->
                </div>
                <!--ThumbnailRestriction -->
            </div>
            
            <div class="addToTrolleytabBox">
            <!-- addToTrolleytabBox LIST VIEW--><!-- Start UserSubscribedOrNot.jspf --><!-- Start UserSubscribedOrNot.jsp --><!-- 
    If the user is not logged in, render this opening 
    DIV adding an addtional class to fix the border top which is removed 
    and replaced by the tabs
-->
<div class="addToTrolleytabContainer addItemBorderTop">
<!-- End AddToSubscriptionList.jsp --><!-- End AddSubscriptionList.jspf --><!-- 
                    ATTENTION!!!
                    <div class="addToTrolleytabContainer">
                    This opening div is inside "../../ReusableObjects/UserSubscribedOrNot.jsp"
                    -->
                <div class="pricingAndTrolleyOptions">  
                    <div class="priceTab activeContainer priceTabContainer" id="addItem_1388017"> 
                        <div class="pricing">
                            
<p class="pricePerUnit">
Â£1.30 
</p>

<p class="pricePerMeasure">Â£1.33<abbr title="per">/</abbr>100<abbr title="gram"><span class="pricePerMeasureMeasure">g</span></abbr>
</p>

                                
                        </div>  
                          
                                    <div class="addToTrolleyForm ">   
                                        <!-- BEGIN AddToTrolley.jsp --><!-- fire an on add to bag here from  -->

<form class="addToTrolleyForm" name="OrderItemAddForm_1388016" action="OrderItemAdd" method="post" id="OrderItemAddForm_1388016">
    <input type="hidden" name="storeId" value="10151">
    <input type="hidden" name="langId" value="44">
    <input type="hidden" name="catalogId" value="10241">
    <input type="hidden" name="authToken" id="authToken1388016" value="-1002%2C3jIiHU%2F3lFc4jalpGDAhYOztAdQ%3D">
    
    
    <input type="hidden" name="errorViewName" value="PromotionDisplayView">
    <input type="hidden" name="SKU_ID" value="8052900">
    <input type="hidden" name="itemType" value="">
    <input type="hidden" name="parentSKU" value="">
    
    
       <input type="hidden" id="productCatentryId_1388017" value="1388016">
       <input type="hidden" id="catEntryId_1388016" value="1388017">
       <input type="hidden" name="ItemSKU_ID" value="8052900">
     
        
        <div class="quantity hidden" id="updateQtyPanelProduct_1388016" data-qty="">
            <ul>
                <li>
                    <a class="button decreaseQty " id="decreaseQty_1388016" href="#">-</a> 
                </li>
                <li>	
                    <label class="access" for="quantity_1388016">Quantity</label>						
                    <a href="#" class="button quantityPlp  " id="quantityUpdate_1388016">
                        </a>
                    <input name="quantity" id="quantity_1388016" type="hidden" size="3" value="" class="quantity">		        
                </li>
                <li>
                    
                    <a class="button increaseQty " id="increaseQty_1388016" href="#">+</a>
                </li>
            </ul>
        </div>				
            
        
            <input type="hidden" name="catEntryId" value="1388017">
        

        <input type="hidden" name="productId" value="1388016">
        

    <input type="hidden" name="URL" value="https://www.sainsburys.co.uk/webapp/wcs/stores/servlet/PromotionDisplayView?listId=2&amp;catalogId=10241&amp;productId=1117540&amp;langId=44&amp;storeId=10151&amp;promotionId=10669742">
    <input type="hidden" name="page" value="">
    <input type="hidden" name="contractId" value="">
    <input type="hidden" name="calculateOrder" value="1">
    <input type="hidden" name="calculationUsage" value="-1,-2,-3">
    <input type="hidden" name="updateable" value="1">
    <input type="hidden" name="merge" value="***">

                                  
            <input type="hidden" id="updateUrl_1388016" updateurlchild_1388017="AjaxOrderItemUpdate?calculateOrder=1&amp;itemType=&amp;ordItemUpdateFlag=0&amp;orderId=.&amp;updatePrices=1&amp;authToken=-1002%252C3jIiHU%252F3lFc4jalpGDAhYOztAdQ%253D&amp;calculationUsage=-1,-2,-3&amp;storeId=10151&amp;errorViewName=AjaxQuickCartDisplay&amp;URL=AjaxQuickCartDisplay&amp;catEntryId=1388017&amp;orderItemId_0=&amp;UOM_0=&amp;langId=44&amp;quantity_0=1">
            <input type="hidden" id="removeUrl_1388016" removeurlchild_1388017="AjaxOrderItemUpdate?calculateOrder=1&amp;itemType=&amp;productId=&amp;ordItemUpdateFlag=2&amp;orderId=.&amp;updatePrices=1&amp;authToken=-1002%252C3jIiHU%252F3lFc4jalpGDAhYOztAdQ%253D&amp;calculationUsage=-1,-2,-3&amp;storeId=10151&amp;errorViewName=AjaxQuickCartDisplay&amp;URL=AjaxQuickCartDisplay&amp;catEntryId=1388017&amp;productSKU=&amp;orderItemId_0=&amp;qtyDecremented=true&amp;langId=44&amp;quantity_0=0">           
         
       <input type="hidden" name="callAjax" value="false">
       
    
    <div class="add2Cart " id="addQtyPanelProduct_1388016">    
        
            <a class="button process addQty  " id="addQty_1388016" href="#">
                Add
            </a>

            <input type="hidden" name="Add" value="Add">
        
    </div>

</form>
<!-- END AddToTrolley.jsp -->
                                    </div>  
                                
                    </div><!-- END priceTabContainer Add container --><!-- Subscribe container --><!-- Start AddToSubscriptionList.jspf --><!-- Start AddToSubscriptionList.jsp --><!-- End AddToSubscriptionList.jsp --><!-- End AddToSubscriptionList.jspf --> 
                </div>  
            </div>  
        </div>
    </div>     
    </div> 
    <div id="additionalItems_1388017" class="additionalItems">
        <!-- BEGIN MerchandisingAssociationsDisplay.jsp --><!-- Start - JSP File Name:  MerchandisingAssociationsDisplay.jsp --><!-- END MerchandisingAssociationsDisplay.jsp -->  
    </div> 

<!-- END CatalogEntryThumbnailDisplay.jsp -->
                            </li>
                        
                            <li>
                                
                                                <div class="trolleySummary"><p class="saving">
                                                         <!-- %@ include file="../../include/PromotionStrapline.jspf"% -->
                                                </p></div>
                                            
                                                <div class="trolleySummary"><p class="saving">
                                                         <!-- %@ include file="../../include/PromotionStrapline.jspf"% -->
                                                </p></div>
                                            
                                                <div class="trolleySummary"><p class="saving">
                                                         <!-- %@ include file="../../include/PromotionStrapline.jspf"% -->
                                                </p></div>
                                            <!-- BEGIN CatalogEntryThumbnailDisplay.jsp -->
    <div class="product ">
        
        <div class="errorBanner hidden" id="error1518366"></div>
                        
        
        <div class="productInner">
            <div class="productInfoWrapper">
                <div class="productInfo">
                    
                            <h3>
                                <a href="https://www.sainsburys.co.uk/shop/gb/groceries/product/details/lindahls-strawberry-sundae-pro-kvarg-150g">
                                    Lindahls High Protein Strawberry Sundae Pro + Kvarg 150g
                                    <img src="https://assets.sainsburys-groceries.co.uk/gol/8182578/image.jpg" alt="">
                                </a>
                            </h3>
                        
<div class="promotion">

                        <p>
                            <a strapline="Meal Deal for Â£5.00 | 8182578" href="https://www.sainsburys.co.uk/shop/PromotionDisplayView?listId=2&amp;catalogId=10241&amp;productId=1518366&amp;langId=44&amp;storeId=10151&amp;promotionId=10664136"><!-- BEGIN include/PromotionStrapline.jspf -->Meal Deal for Â£5.00<br>

<!-- FINISH include/PromotionStrapline.jspf -->
                            </a>
                        </p>
                    
                        <p>
                            <a strapline="Meal Deal for Â£3.75 | 8182578" href="https://www.sainsburys.co.uk/shop/PromotionDisplayView?listId=2&amp;catalogId=10241&amp;productId=1518366&amp;langId=44&amp;storeId=10151&amp;promotionId=10669742">PLUS <!-- BEGIN include/PromotionStrapline.jspf -->Meal Deal for Â£3.75<br>

<!-- FINISH include/PromotionStrapline.jspf -->
                            </a>
                        </p>
                                
</div>

                    <div class="ThumbnailRoundel">
                    <!--ThumbnailRoundel --> 
                    </div>
                    <div class="promoBages">
                        <!-- PROMOTION -->
                    </div>


                    <!-- Review --><!-- BEGIN CatalogEntryRatingsReviewsInfo.jspf --><!-- productAllowedRatingsAndReviews: true -->
<div class="reviews">

    <a class="numberOfReviews" href="https://www.sainsburys.co.uk/shop/gb/groceries/product/details/lindahls-strawberry-sundae-pro-kvarg-150g">
        <img src="//www.sainsburys.co.uk/wcsstore7.137.2/SainsburysStorefrontAssetStore/img/stars/rating-4_5.gif" alt="4.5455" border="0">&nbsp; 
        Reviews (11)
    </a>

</div>
<!-- END CatalogEntryRatingsReviewsInfo.jspf -->
                </div>
                <!--ThumbnailRestriction -->
            </div>
            
            <div class="addToTrolleytabBox">
            <!-- addToTrolleytabBox LIST VIEW--><!-- Start UserSubscribedOrNot.jspf --><!-- Start UserSubscribedOrNot.jsp --><!-- 
    If the user is not logged in, render this opening 
    DIV adding an addtional class to fix the border top which is removed 
    and replaced by the tabs
-->
<div class="addToTrolleytabContainer addItemBorderTop">
<!-- End AddToSubscriptionList.jsp --><!-- End AddSubscriptionList.jspf --><!-- 
                    ATTENTION!!!
                    <div class="addToTrolleytabContainer">
                    This opening div is inside "../../ReusableObjects/UserSubscribedOrNot.jsp"
                    -->
                <div class="pricingAndTrolleyOptions">  
                    <div class="priceTab activeContainer priceTabContainer" id="addItem_1518367"> 
                        <div class="pricing">
                            
<p class="pricePerUnit">
Â£1.40 
</p>

<p class="pricePerMeasure">93p<abbr title="per">/</abbr>100<abbr title="gram"><span class="pricePerMeasureMeasure">g</span></abbr>
</p>

                                
                        </div>  
                          
                                    <div class="addToTrolleyForm ">   
                                        <!-- BEGIN AddToTrolley.jsp --><!-- fire an on add to bag here from  -->

<form class="addToTrolleyForm" name="OrderItemAddForm_1518366" action="OrderItemAdd" method="post" id="OrderItemAddForm_1518366">
    <input type="hidden" name="storeId" value="10151">
    <input type="hidden" name="langId" value="44">
    <input type="hidden" name="catalogId" value="10241">
    <input type="hidden" name="authToken" id="authToken1518366" value="-1002%2C3jIiHU%2F3lFc4jalpGDAhYOztAdQ%3D">
    
    
    <input type="hidden" name="errorViewName" value="PromotionDisplayView">
    <input type="hidden" name="SKU_ID" value="8182578">
    <input type="hidden" name="itemType" value="">
    <input type="hidden" name="parentSKU" value="">
    
    
       <input type="hidden" id="productCatentryId_1518367" value="1518366">
       <input type="hidden" id="catEntryId_1518366" value="1518367">
       <input type="hidden" name="ItemSKU_ID" value="8182578">
     
        
        <div class="quantity hidden" id="updateQtyPanelProduct_1518366" data-qty="">
            <ul>
                <li>
                    <a class="button decreaseQty " id="decreaseQty_1518366" href="#">-</a> 
                </li>
                <li>	
                    <label class="access" for="quantity_1518366">Quantity</label>						
                    <a href="#" class="button quantityPlp  " id="quantityUpdate_1518366">
                        </a>
                    <input name="quantity" id="quantity_1518366" type="hidden" size="3" value="" class="quantity">		        
                </li>
                <li>
                    
                    <a class="button increaseQty " id="increaseQty_1518366" href="#">+</a>
                </li>
            </ul>
        </div>				
            
        
            <input type="hidden" name="catEntryId" value="1518367">
        

        <input type="hidden" name="productId" value="1518366">
        

    <input type="hidden" name="URL" value="https://www.sainsburys.co.uk/webapp/wcs/stores/servlet/PromotionDisplayView?listId=2&amp;catalogId=10241&amp;productId=1117540&amp;langId=44&amp;storeId=10151&amp;promotionId=10669742">
    <input type="hidden" name="page" value="">
    <input type="hidden" name="contractId" value="">
    <input type="hidden" name="calculateOrder" value="1">
    <input type="hidden" name="calculationUsage" value="-1,-2,-3">
    <input type="hidden" name="updateable" value="1">
    <input type="hidden" name="merge" value="***">

                                  
            <input type="hidden" id="updateUrl_1518366" updateurlchild_1518367="AjaxOrderItemUpdate?calculateOrder=1&amp;itemType=&amp;ordItemUpdateFlag=0&amp;orderId=.&amp;updatePrices=1&amp;authToken=-1002%252C3jIiHU%252F3lFc4jalpGDAhYOztAdQ%253D&amp;calculationUsage=-1,-2,-3&amp;storeId=10151&amp;errorViewName=AjaxQuickCartDisplay&amp;URL=AjaxQuickCartDisplay&amp;catEntryId=1518367&amp;orderItemId_0=&amp;UOM_0=&amp;langId=44&amp;quantity_0=1">
            <input type="hidden" id="removeUrl_1518366" removeurlchild_1518367="AjaxOrderItemUpdate?calculateOrder=1&amp;itemType=&amp;productId=&amp;ordItemUpdateFlag=2&amp;orderId=.&amp;updatePrices=1&amp;authToken=-1002%252C3jIiHU%252F3lFc4jalpGDAhYOztAdQ%253D&amp;calculationUsage=-1,-2,-3&amp;storeId=10151&amp;errorViewName=AjaxQuickCartDisplay&amp;URL=AjaxQuickCartDisplay&amp;catEntryId=1518367&amp;productSKU=&amp;orderItemId_0=&amp;qtyDecremented=true&amp;langId=44&amp;quantity_0=0">           
         
       <input type="hidden" name="callAjax" value="false">
       
    
    <div class="add2Cart " id="addQtyPanelProduct_1518366">    
        
            <a class="button process addQty  " id="addQty_1518366" href="#">
                Add
            </a>

            <input type="hidden" name="Add" value="Add">
        
    </div>

</form>
<!-- END AddToTrolley.jsp -->
                                    </div>  
                                
                    </div><!-- END priceTabContainer Add container --><!-- Subscribe container --><!-- Start AddToSubscriptionList.jspf --><!-- Start AddToSubscriptionList.jsp --><!-- End AddToSubscriptionList.jsp --><!-- End AddToSubscriptionList.jspf --> 
                </div>  
            </div>  
        </div>
    </div>     
    </div> 
    <div id="additionalItems_1518367" class="additionalItems">
        <!-- BEGIN MerchandisingAssociationsDisplay.jsp --><!-- Start - JSP File Name:  MerchandisingAssociationsDisplay.jsp --><!-- END MerchandisingAssociationsDisplay.jsp -->  
    </div> 

<!-- END CatalogEntryThumbnailDisplay.jsp -->
                            </li>
                        
                            <li>
                                
                                                <div class="trolleySummary"><p class="saving">
                                                         <!-- %@ include file="../../include/PromotionStrapline.jspf"% -->
                                                </p></div>
                                            
                                                <div class="trolleySummary"><p class="saving">
                                                         <!-- %@ include file="../../include/PromotionStrapline.jspf"% -->
                                                </p></div>
                                            
                                                <div class="trolleySummary"><p class="saving">
                                                         <!-- %@ include file="../../include/PromotionStrapline.jspf"% -->
                                                </p></div>
                                            <!-- BEGIN CatalogEntryThumbnailDisplay.jsp -->
    <div class="product ">
        
        <div class="errorBanner hidden" id="error53064"></div>
                        
        
        <div class="productInner">
            <div class="productInfoWrapper">
                <div class="productInfo">
                    
                            <h3>
                                <a href="https://www.sainsburys.co.uk/shop/gb/groceries/product/details/san-pellegrino-lemon-330ml">
                                    San Pellegrino Lemon 330ml
                                    <img src="https://assets.sainsburys-groceries.co.uk/gol/7513494/image.jpg" alt="">
                                </a>
                            </h3>
                        
<div class="promotion">

                        <p>
                            <a strapline=" Meal Deal for Â£5.00 | 7513494" href="https://www.sainsburys.co.uk/shop/PromotionDisplayView?listId=3&amp;listId=2&amp;catalogId=10241&amp;productId=53064&amp;langId=44&amp;storeId=10151&amp;promotionId=10664136"><!-- BEGIN include/PromotionStrapline.jspf --> Meal Deal for Â£5.00<br>

<!-- FINISH include/PromotionStrapline.jspf -->
                            </a>
                        </p>
                    
                        <p>
                            <a strapline="Meal Deal for Â£3.75 | 7513494" href="https://www.sainsburys.co.uk/shop/PromotionDisplayView?listId=2&amp;listId=3&amp;catalogId=10241&amp;productId=53064&amp;langId=44&amp;storeId=10151&amp;promotionId=10669742">PLUS <!-- BEGIN include/PromotionStrapline.jspf -->Meal Deal for Â£3.75<br>

<!-- FINISH include/PromotionStrapline.jspf -->
                            </a>
                        </p>
                                
</div>

                    <div class="ThumbnailRoundel">
                    <!--ThumbnailRoundel --> 
                    </div>
                    <div class="promoBages">
                        <!-- PROMOTION -->
                    </div>


                    <!-- Review --><!-- BEGIN CatalogEntryRatingsReviewsInfo.jspf --><!-- productAllowedRatingsAndReviews: true -->
<div class="reviews">

    <a class="numberOfReviews" href="https://www.sainsburys.co.uk/shop/gb/groceries/product/details/san-pellegrino-lemon-330ml">
        <img src="//www.sainsburys.co.uk/wcsstore7.137.2/SainsburysStorefrontAssetStore/img/stars/rating-4_4.gif" alt="4.4383" border="0">&nbsp; 
        Reviews (324)
    </a>

</div>
<!-- END CatalogEntryRatingsReviewsInfo.jspf -->
                </div>
                <!--ThumbnailRestriction -->
            </div>
            
            <div class="addToTrolleytabBox">
            <!-- addToTrolleytabBox LIST VIEW--><!-- Start UserSubscribedOrNot.jspf --><!-- Start UserSubscribedOrNot.jsp --><!-- 
    If the user is not logged in, render this opening 
    DIV adding an addtional class to fix the border top which is removed 
    and replaced by the tabs
-->
<div class="addToTrolleytabContainer addItemBorderTop">
<!-- End AddToSubscriptionList.jsp --><!-- End AddSubscriptionList.jspf --><!-- 
                    ATTENTION!!!
                    <div class="addToTrolleytabContainer">
                    This opening div is inside "../../ReusableObjects/UserSubscribedOrNot.jsp"
                    -->
                <div class="pricingAndTrolleyOptions">  
                    <div class="priceTab activeContainer priceTabContainer" id="addItem_53065"> 
                        <div class="pricing">
                            
<p class="pricePerUnit">
Â£1.30 
</p>

<p class="pricePerMeasure">39p<abbr title="per">/</abbr>100<abbr title="milliletre"><span class="pricePerMeasureMeasure">ml</span></abbr>
</p>

                                
                        </div>  
                          
                                    <div class="addToTrolleyForm ">   
                                        <!-- BEGIN AddToTrolley.jsp --><!-- fire an on add to bag here from  -->

<form class="addToTrolleyForm" name="OrderItemAddForm_53064" action="OrderItemAdd" method="post" id="OrderItemAddForm_53064">
    <input type="hidden" name="storeId" value="10151">
    <input type="hidden" name="langId" value="44">
    <input type="hidden" name="catalogId" value="10241">
    <input type="hidden" name="authToken" id="authToken53064" value="-1002%2C3jIiHU%2F3lFc4jalpGDAhYOztAdQ%3D">
    
    
    <input type="hidden" name="errorViewName" value="PromotionDisplayView">
    <input type="hidden" name="SKU_ID" value="7513494">
    <input type="hidden" name="itemType" value="">
    <input type="hidden" name="parentSKU" value="">
    
    
       <input type="hidden" id="productCatentryId_53065" value="53064">
       <input type="hidden" id="catEntryId_53064" value="53065">
       <input type="hidden" name="ItemSKU_ID" value="7513494">
     
        
        <div class="quantity hidden" id="updateQtyPanelProduct_53064" data-qty="">
            <ul>
                <li>
                    <a class="button decreaseQty " id="decreaseQty_53064" href="#">-</a> 
                </li>
                <li>	
                    <label class="access" for="quantity_53064">Quantity</label>						
                    <a href="#" class="button quantityPlp  " id="quantityUpdate_53064">
                        </a>
                    <input name="quantity" id="quantity_53064" type="hidden" size="3" value="" class="quantity">		        
                </li>
                <li>
                    
                    <a class="button increaseQty " id="increaseQty_53064" href="#">+</a>
                </li>
            </ul>
        </div>				
            
        
            <input type="hidden" name="catEntryId" value="53065">
        

        <input type="hidden" name="productId" value="53064">
        

    <input type="hidden" name="URL" value="https://www.sainsburys.co.uk/webapp/wcs/stores/servlet/PromotionDisplayView?listId=2&amp;catalogId=10241&amp;productId=1117540&amp;langId=44&amp;storeId=10151&amp;promotionId=10669742">
    <input type="hidden" name="page" value="">
    <input type="hidden" name="contractId" value="">
    <input type="hidden" name="calculateOrder" value="1">
    <input type="hidden" name="calculationUsage" value="-1,-2,-3">
    <input type="hidden" name="updateable" value="1">
    <input type="hidden" name="merge" value="***">

                                  
            <input type="hidden" id="updateUrl_53064" updateurlchild_53065="AjaxOrderItemUpdate?calculateOrder=1&amp;itemType=&amp;ordItemUpdateFlag=0&amp;orderId=.&amp;updatePrices=1&amp;authToken=-1002%252C3jIiHU%252F3lFc4jalpGDAhYOztAdQ%253D&amp;calculationUsage=-1,-2,-3&amp;storeId=10151&amp;errorViewName=AjaxQuickCartDisplay&amp;URL=AjaxQuickCartDisplay&amp;catEntryId=53065&amp;orderItemId_0=&amp;UOM_0=&amp;langId=44&amp;quantity_0=1">
            <input type="hidden" id="removeUrl_53064" removeurlchild_53065="AjaxOrderItemUpdate?calculateOrder=1&amp;itemType=&amp;productId=&amp;ordItemUpdateFlag=2&amp;orderId=.&amp;updatePrices=1&amp;authToken=-1002%252C3jIiHU%252F3lFc4jalpGDAhYOztAdQ%253D&amp;calculationUsage=-1,-2,-3&amp;storeId=10151&amp;errorViewName=AjaxQuickCartDisplay&amp;URL=AjaxQuickCartDisplay&amp;catEntryId=53065&amp;productSKU=&amp;orderItemId_0=&amp;qtyDecremented=true&amp;langId=44&amp;quantity_0=0">           
         
       <input type="hidden" name="callAjax" value="false">
       
    
    <div class="add2Cart " id="addQtyPanelProduct_53064">    
        
            <a class="button process addQty  " id="addQty_53064" href="#">
                Add
            </a>

            <input type="hidden" name="Add" value="Add">
        
    </div>

</form>
<!-- END AddToTrolley.jsp -->
                                    </div>  
                                
                    </div><!-- END priceTabContainer Add container --><!-- Subscribe container --><!-- Start AddToSubscriptionList.jspf --><!-- Start AddToSubscriptionList.jsp --><!-- End AddToSubscriptionList.jsp --><!-- End AddToSubscriptionList.jspf --> 
                </div>  
            </div>  
        </div>
    </div>     
    </div> 
    <div id="additionalItems_53065" class="additionalItems">
        <!-- BEGIN MerchandisingAssociationsDisplay.jsp --><!-- Start - JSP File Name:  MerchandisingAssociationsDisplay.jsp --><!-- END MerchandisingAssociationsDisplay.jsp -->  
    </div> 

<!-- END CatalogEntryThumbnailDisplay.jsp -->
                            </li>
                        
                            <li>
                                
                                                <div class="trolleySummary"><p class="saving">
                                                         <!-- %@ include file="../../include/PromotionStrapline.jspf"% -->
                                                </p></div>
                                            
                                                <div class="trolleySummary"><p class="saving">
                                                         <!-- %@ include file="../../include/PromotionStrapline.jspf"% -->
                                                </p></div>
                                            
                                                <div class="trolleySummary"><p class="saving">
                                                         <!-- %@ include file="../../include/PromotionStrapline.jspf"% -->
                                                </p></div>
                                            <!-- BEGIN CatalogEntryThumbnailDisplay.jsp -->
    <div class="product ">
        
        <div class="errorBanner hidden" id="error1191722"></div>
                        
        
        <div class="productInner">
            <div class="productInfoWrapper">
                <div class="productInfo">
                    
                            <h3>
                                <a href="https://www.sainsburys.co.uk/shop/gb/groceries/product/details/sainsburys-on-the-go-wasabi-peas-50g">
                                    Sainsbury's On the Go Wasabi Peas 50g
                                    <img src="https://assets.sainsburys-groceries.co.uk/gol/7900288/image.jpg" alt="">
                                </a>
                            </h3>
                        
<div class="promotion">

                        <p>
                            <a strapline="Meal Deal for Â£5.00 | 7900288" href="https://www.sainsburys.co.uk/shop/PromotionDisplayView?listId=2&amp;catalogId=10241&amp;productId=1191722&amp;langId=44&amp;storeId=10151&amp;promotionId=10664136"><!-- BEGIN include/PromotionStrapline.jspf -->Meal Deal for Â£5.00<br>

<!-- FINISH include/PromotionStrapline.jspf -->
                            </a>
                        </p>
                    
                        <p>
                            <a strapline="Meal Deal for Â£3.75 | 7900288" href="https://www.sainsburys.co.uk/shop/PromotionDisplayView?listId=2&amp;catalogId=10241&amp;productId=1191722&amp;langId=44&amp;storeId=10151&amp;promotionId=10669742">PLUS <!-- BEGIN include/PromotionStrapline.jspf -->Meal Deal for Â£3.75<br>

<!-- FINISH include/PromotionStrapline.jspf -->
                            </a>
                        </p>
                                
</div>

                    <div class="ThumbnailRoundel">
                    <!--ThumbnailRoundel --> 
                    </div>
                    <div class="promoBages">
                        <!-- PROMOTION -->
                    </div>


                    <!-- Review --><!-- BEGIN CatalogEntryRatingsReviewsInfo.jspf --><!-- productAllowedRatingsAndReviews: true -->
<div class="reviews">

    <a class="numberOfReviews" href="https://www.sainsburys.co.uk/shop/gb/groceries/product/details/sainsburys-on-the-go-wasabi-peas-50g">
        <img src="//www.sainsburys.co.uk/wcsstore7.137.2/SainsburysStorefrontAssetStore/img/stars/rating-5_0.gif" alt="5.0" border="0">&nbsp; 
        Reviews (2)
    </a>

</div>
<!-- END CatalogEntryRatingsReviewsInfo.jspf -->
                </div>
                <!--ThumbnailRestriction -->
            </div>
            
            <div class="addToTrolleytabBox">
            <!-- addToTrolleytabBox LIST VIEW--><!-- Start UserSubscribedOrNot.jspf --><!-- Start UserSubscribedOrNot.jsp --><!-- 
    If the user is not logged in, render this opening 
    DIV adding an addtional class to fix the border top which is removed 
    and replaced by the tabs
-->
<div class="addToTrolleytabContainer addItemBorderTop">
<!-- End AddToSubscriptionList.jsp --><!-- End AddSubscriptionList.jspf --><!-- 
                    ATTENTION!!!
                    <div class="addToTrolleytabContainer">
                    This opening div is inside "../../ReusableObjects/UserSubscribedOrNot.jsp"
                    -->
                <div class="pricingAndTrolleyOptions">  
                    <div class="priceTab activeContainer priceTabContainer" id="addItem_1191723"> 
                        <div class="pricing">
                            
<p class="pricePerUnit">
Â£1.05 
</p>

<p class="pricePerMeasure">Â£2.10<abbr title="per">/</abbr>100<abbr title="gram"><span class="pricePerMeasureMeasure">g</span></abbr>
</p>

                                
                        </div>  
                          
                                    <div class="addToTrolleyForm ">   
                                        <!-- BEGIN AddToTrolley.jsp --><!-- fire an on add to bag here from  -->

<form class="addToTrolleyForm" name="OrderItemAddForm_1191722" action="OrderItemAdd" method="post" id="OrderItemAddForm_1191722">
    <input type="hidden" name="storeId" value="10151">
    <input type="hidden" name="langId" value="44">
    <input type="hidden" name="catalogId" value="10241">
    <input type="hidden" name="authToken" id="authToken1191722" value="-1002%2C3jIiHU%2F3lFc4jalpGDAhYOztAdQ%3D">
    
    
    <input type="hidden" name="errorViewName" value="PromotionDisplayView">
    <input type="hidden" name="SKU_ID" value="7900288">
    <input type="hidden" name="itemType" value="">
    <input type="hidden" name="parentSKU" value="">
    
    
       <input type="hidden" id="productCatentryId_1191723" value="1191722">
       <input type="hidden" id="catEntryId_1191722" value="1191723">
       <input type="hidden" name="ItemSKU_ID" value="7900288">
     
        
        <div class="quantity hidden" id="updateQtyPanelProduct_1191722" data-qty="">
            <ul>
                <li>
                    <a class="button decreaseQty " id="decreaseQty_1191722" href="#">-</a> 
                </li>
                <li>	
                    <label class="access" for="quantity_1191722">Quantity</label>						
                    <a href="#" class="button quantityPlp  " id="quantityUpdate_1191722">
                        </a>
                    <input name="quantity" id="quantity_1191722" type="hidden" size="3" value="" class="quantity">		        
                </li>
                <li>
                    
                    <a class="button increaseQty " id="increaseQty_1191722" href="#">+</a>
                </li>
            </ul>
        </div>				
            
        
            <input type="hidden" name="catEntryId" value="1191723">
        

        <input type="hidden" name="productId" value="1191722">
        

    <input type="hidden" name="URL" value="https://www.sainsburys.co.uk/webapp/wcs/stores/servlet/PromotionDisplayView?listId=2&amp;catalogId=10241&amp;productId=1117540&amp;langId=44&amp;storeId=10151&amp;promotionId=10669742">
    <input type="hidden" name="page" value="">
    <input type="hidden" name="contractId" value="">
    <input type="hidden" name="calculateOrder" value="1">
    <input type="hidden" name="calculationUsage" value="-1,-2,-3">
    <input type="hidden" name="updateable" value="1">
    <input type="hidden" name="merge" value="***">

                                  
            <input type="hidden" id="updateUrl_1191722" updateurlchild_1191723="AjaxOrderItemUpdate?calculateOrder=1&amp;itemType=&amp;ordItemUpdateFlag=0&amp;orderId=.&amp;updatePrices=1&amp;authToken=-1002%252C3jIiHU%252F3lFc4jalpGDAhYOztAdQ%253D&amp;calculationUsage=-1,-2,-3&amp;storeId=10151&amp;errorViewName=AjaxQuickCartDisplay&amp;URL=AjaxQuickCartDisplay&amp;catEntryId=1191723&amp;orderItemId_0=&amp;UOM_0=&amp;langId=44&amp;quantity_0=1">
            <input type="hidden" id="removeUrl_1191722" removeurlchild_1191723="AjaxOrderItemUpdate?calculateOrder=1&amp;itemType=&amp;productId=&amp;ordItemUpdateFlag=2&amp;orderId=.&amp;updatePrices=1&amp;authToken=-1002%252C3jIiHU%252F3lFc4jalpGDAhYOztAdQ%253D&amp;calculationUsage=-1,-2,-3&amp;storeId=10151&amp;errorViewName=AjaxQuickCartDisplay&amp;URL=AjaxQuickCartDisplay&amp;catEntryId=1191723&amp;productSKU=&amp;orderItemId_0=&amp;qtyDecremented=true&amp;langId=44&amp;quantity_0=0">           
         
       <input type="hidden" name="callAjax" value="false">
       
    
    <div class="add2Cart " id="addQtyPanelProduct_1191722">    
        
            <a class="button process addQty  " id="addQty_1191722" href="#">
                Add
            </a>

            <input type="hidden" name="Add" value="Add">
        
    </div>

</form>
<!-- END AddToTrolley.jsp -->
                                    </div>  
                                
                    </div><!-- END priceTabContainer Add container --><!-- Subscribe container --><!-- Start AddToSubscriptionList.jspf --><!-- Start AddToSubscriptionList.jsp --><!-- End AddToSubscriptionList.jsp --><!-- End AddToSubscriptionList.jspf --> 
                </div>  
            </div>  
        </div>
    </div>     
    </div> 
    <div id="additionalItems_1191723" class="additionalItems">
        <!-- BEGIN MerchandisingAssociationsDisplay.jsp --><!-- Start - JSP File Name:  MerchandisingAssociationsDisplay.jsp --><!-- END MerchandisingAssociationsDisplay.jsp -->  
    </div> 

<!-- END CatalogEntryThumbnailDisplay.jsp -->
                            </li>
                        
                            <li>
                                
                                                <div class="trolleySummary"><p class="saving">
                                                         <!-- %@ include file="../../include/PromotionStrapline.jspf"% -->
                                                </p></div>
                                            
                                                <div class="trolleySummary"><p class="saving">
                                                         <!-- %@ include file="../../include/PromotionStrapline.jspf"% -->
                                                </p></div>
                                            
                                                <div class="trolleySummary"><p class="saving">
                                                         <!-- %@ include file="../../include/PromotionStrapline.jspf"% -->
                                                </p></div>
                                            <!-- BEGIN CatalogEntryThumbnailDisplay.jsp -->
    <div class="product ">
        
        <div class="errorBanner hidden" id="error1281802"></div>
                        
        
        <div class="productInner">
            <div class="productInfoWrapper">
                <div class="productInfo">
                    
                            <h3>
                                <a href="https://www.sainsburys.co.uk/shop/gb/groceries/product/details/peperami-single-hot-225g">
                                    Peperami Single Hot 22.5g
                                    <img src="https://assets.sainsburys-groceries.co.uk/gol/7858125/image.jpg" alt="">
                                </a>
                            </h3>
                        
<div class="promotion">

                        <p>
                            <a strapline="Meal Deal for Â£5.00 | 7858125" href="https://www.sainsburys.co.uk/shop/PromotionDisplayView?listId=2&amp;catalogId=10241&amp;productId=1281802&amp;langId=44&amp;storeId=10151&amp;promotionId=10664136"><!-- BEGIN include/PromotionStrapline.jspf -->Meal Deal for Â£5.00<br>

<!-- FINISH include/PromotionStrapline.jspf -->
                            </a>
                        </p>
                    
                        <p>
                            <a strapline="Meal Deal for Â£3.75 | 7858125" href="https://www.sainsburys.co.uk/shop/PromotionDisplayView?listId=2&amp;catalogId=10241&amp;productId=1281802&amp;langId=44&amp;storeId=10151&amp;promotionId=10669742">PLUS <!-- BEGIN include/PromotionStrapline.jspf -->Meal Deal for Â£3.75<br>

<!-- FINISH include/PromotionStrapline.jspf -->
                            </a>
                        </p>
                                
</div>

                    <div class="ThumbnailRoundel">
                    <!--ThumbnailRoundel --> 
                    </div>
                    <div class="promoBages">
                        <!-- PROMOTION -->

<div class="badges">
<ul>
    
            
             <li class="lastchild">

                                 
                <img src="/wcsstore7.137.2/SainsburysStorefrontAssetStore/wcassets/icons/2019/chilled_01_11_19.png" alt="Chilled">
                    
                
            </li>
        
</ul>   
</div>

                    </div>


                    <!-- Review --><!-- BEGIN CatalogEntryRatingsReviewsInfo.jspf --><!-- productAllowedRatingsAndReviews: true -->
<div class="reviews">

    <a class="numberOfReviews" href="https://www.sainsburys.co.uk/shop/gb/groceries/product/details/peperami-single-hot-225g">
        <img src="//www.sainsburys.co.uk/wcsstore7.137.2/SainsburysStorefrontAssetStore/img/stars/rating-3_8.gif" alt="3.75" border="0">&nbsp; 
        Reviews (4)
    </a>

</div>
<!-- END CatalogEntryRatingsReviewsInfo.jspf -->
                </div>
                <!--ThumbnailRestriction -->
            </div>
            
            <div class="addToTrolleytabBox">
            <!-- addToTrolleytabBox LIST VIEW--><!-- Start UserSubscribedOrNot.jspf --><!-- Start UserSubscribedOrNot.jsp --><!-- 
    If the user is not logged in, render this opening 
    DIV adding an addtional class to fix the border top which is removed 
    and replaced by the tabs
-->
<div class="addToTrolleytabContainer addItemBorderTop">
<!-- End AddToSubscriptionList.jsp --><!-- End AddSubscriptionList.jspf --><!-- 
                    ATTENTION!!!
                    <div class="addToTrolleytabContainer">
                    This opening div is inside "../../ReusableObjects/UserSubscribedOrNot.jsp"
                    -->
                <div class="pricingAndTrolleyOptions">  
                    <div class="priceTab activeContainer priceTabContainer" id="addItem_1281803"> 
                        <div class="pricing">
                            
<p class="pricePerUnit">
Â£1.30 
</p>

<p class="pricePerMeasure">Â£5.78<abbr title="per">/</abbr>100<abbr title="gram"><span class="pricePerMeasureMeasure">g</span></abbr>
</p>

                                
                        </div>  
                          
                                    <div class="addToTrolleyForm ">   
                                        <!-- BEGIN AddToTrolley.jsp --><!-- fire an on add to bag here from  -->

<form class="addToTrolleyForm" name="OrderItemAddForm_1281802" action="OrderItemAdd" method="post" id="OrderItemAddForm_1281802">
    <input type="hidden" name="storeId" value="10151">
    <input type="hidden" name="langId" value="44">
    <input type="hidden" name="catalogId" value="10241">
    <input type="hidden" name="authToken" id="authToken1281802" value="-1002%2C3jIiHU%2F3lFc4jalpGDAhYOztAdQ%3D">
    
    
    <input type="hidden" name="errorViewName" value="PromotionDisplayView">
    <input type="hidden" name="SKU_ID" value="7858125">
    <input type="hidden" name="itemType" value="">
    <input type="hidden" name="parentSKU" value="">
    
    
       <input type="hidden" id="productCatentryId_1281803" value="1281802">
       <input type="hidden" id="catEntryId_1281802" value="1281803">
       <input type="hidden" name="ItemSKU_ID" value="7858125">
     
        
        <div class="quantity hidden" id="updateQtyPanelProduct_1281802" data-qty="">
            <ul>
                <li>
                    <a class="button decreaseQty " id="decreaseQty_1281802" href="#">-</a> 
                </li>
                <li>	
                    <label class="access" for="quantity_1281802">Quantity</label>						
                    <a href="#" class="button quantityPlp  " id="quantityUpdate_1281802">
                        </a>
                    <input name="quantity" id="quantity_1281802" type="hidden" size="3" value="" class="quantity">		        
                </li>
                <li>
                    
                    <a class="button increaseQty " id="increaseQty_1281802" href="#">+</a>
                </li>
            </ul>
        </div>				
            
        
            <input type="hidden" name="catEntryId" value="1281803">
        

        <input type="hidden" name="productId" value="1281802">
        

    <input type="hidden" name="URL" value="https://www.sainsburys.co.uk/webapp/wcs/stores/servlet/PromotionDisplayView?listId=2&amp;catalogId=10241&amp;productId=1117540&amp;langId=44&amp;storeId=10151&amp;promotionId=10669742">
    <input type="hidden" name="page" value="">
    <input type="hidden" name="contractId" value="">
    <input type="hidden" name="calculateOrder" value="1">
    <input type="hidden" name="calculationUsage" value="-1,-2,-3">
    <input type="hidden" name="updateable" value="1">
    <input type="hidden" name="merge" value="***">

                                  
            <input type="hidden" id="updateUrl_1281802" updateurlchild_1281803="AjaxOrderItemUpdate?calculateOrder=1&amp;itemType=&amp;ordItemUpdateFlag=0&amp;orderId=.&amp;updatePrices=1&amp;authToken=-1002%252C3jIiHU%252F3lFc4jalpGDAhYOztAdQ%253D&amp;calculationUsage=-1,-2,-3&amp;storeId=10151&amp;errorViewName=AjaxQuickCartDisplay&amp;URL=AjaxQuickCartDisplay&amp;catEntryId=1281803&amp;orderItemId_0=&amp;UOM_0=&amp;langId=44&amp;quantity_0=1">
            <input type="hidden" id="removeUrl_1281802" removeurlchild_1281803="AjaxOrderItemUpdate?calculateOrder=1&amp;itemType=&amp;productId=&amp;ordItemUpdateFlag=2&amp;orderId=.&amp;updatePrices=1&amp;authToken=-1002%252C3jIiHU%252F3lFc4jalpGDAhYOztAdQ%253D&amp;calculationUsage=-1,-2,-3&amp;storeId=10151&amp;errorViewName=AjaxQuickCartDisplay&amp;URL=AjaxQuickCartDisplay&amp;catEntryId=1281803&amp;productSKU=&amp;orderItemId_0=&amp;qtyDecremented=true&amp;langId=44&amp;quantity_0=0">           
         
       <input type="hidden" name="callAjax" value="false">
       
    
    <div class="add2Cart " id="addQtyPanelProduct_1281802">    
        
            <a class="button process addQty  " id="addQty_1281802" href="#">
                Add
            </a>

            <input type="hidden" name="Add" value="Add">
        
    </div>

</form>
<!-- END AddToTrolley.jsp -->
                                    </div>  
                                
                    </div><!-- END priceTabContainer Add container --><!-- Subscribe container --><!-- Start AddToSubscriptionList.jspf --><!-- Start AddToSubscriptionList.jsp --><!-- End AddToSubscriptionList.jsp --><!-- End AddToSubscriptionList.jspf --> 
                </div>  
            </div>  
        </div>
    </div>     
    </div> 
    <div id="additionalItems_1281803" class="additionalItems">
        <!-- BEGIN MerchandisingAssociationsDisplay.jsp --><!-- Start - JSP File Name:  MerchandisingAssociationsDisplay.jsp --><!-- END MerchandisingAssociationsDisplay.jsp -->  
    </div> 

<!-- END CatalogEntryThumbnailDisplay.jsp -->
                            </li>
                        
                            <li>
                                
                                                <div class="trolleySummary"><p class="saving">
                                                         <!-- %@ include file="../../include/PromotionStrapline.jspf"% -->
                                                </p></div>
                                            
                                                <div class="trolleySummary"><p class="saving">
                                                         <!-- %@ include file="../../include/PromotionStrapline.jspf"% -->
                                                </p></div>
                                            
                                                <div class="trolleySummary"><p class="saving">
                                                         <!-- %@ include file="../../include/PromotionStrapline.jspf"% -->
                                                </p></div>
                                            <!-- BEGIN CatalogEntryThumbnailDisplay.jsp -->
    <div class="product ">
        
        <div class="errorBanner hidden" id="error1518722"></div>
                        
        
        <div class="productInner">
            <div class="productInfoWrapper">
                <div class="productInfo">
                    
                            <h3>
                                <a href="https://www.sainsburys.co.uk/shop/gb/groceries/product/details/trek-power-biscoff-protein-bar-55g">
                                    Trek Power Biscoff Protein Bar 55g
                                    <img src="https://assets.sainsburys-groceries.co.uk/gol/8182544/image.jpg" alt="">
                                </a>
                            </h3>
                        
<div class="promotion">

                        <p>
                            <a strapline="Meal Deal for Â£5.00 | 8182544" href="https://www.sainsburys.co.uk/shop/PromotionDisplayView?listId=2&amp;catalogId=10241&amp;productId=1518722&amp;langId=44&amp;storeId=10151&amp;promotionId=10664136"><!-- BEGIN include/PromotionStrapline.jspf -->Meal Deal for Â£5.00<br>

<!-- FINISH include/PromotionStrapline.jspf -->
                            </a>
                        </p>
                    
                        <p>
                            <a strapline="Meal Deal for Â£3.75 | 8182544" href="https://www.sainsburys.co.uk/shop/PromotionDisplayView?listId=2&amp;catalogId=10241&amp;productId=1518722&amp;langId=44&amp;storeId=10151&amp;promotionId=10669742">PLUS <!-- BEGIN include/PromotionStrapline.jspf -->Meal Deal for Â£3.75<br>

<!-- FINISH include/PromotionStrapline.jspf -->
                            </a>
                        </p>
                                
</div>

                    <div class="ThumbnailRoundel">
                    <!--ThumbnailRoundel --> 
                    </div>
                    <div class="promoBages">
                        <!-- PROMOTION -->
                    </div>


                    <!-- Review --><!-- BEGIN CatalogEntryRatingsReviewsInfo.jspf --><!-- productAllowedRatingsAndReviews: true -->
<div class="reviews">

    <a class="numberOfReviews" href="https://www.sainsburys.co.uk/shop/gb/groceries/product/details/trek-power-biscoff-protein-bar-55g">
        <img src="//www.sainsburys.co.uk/wcsstore7.137.2/SainsburysStorefrontAssetStore/img/stars/rating-4_8.gif" alt="4.75" border="0">&nbsp; 
        Reviews (8)
    </a>

</div>
<!-- END CatalogEntryRatingsReviewsInfo.jspf -->
                </div>
                <!--ThumbnailRestriction -->
            </div>
            
            <div class="addToTrolleytabBox">
            <!-- addToTrolleytabBox LIST VIEW--><!-- Start UserSubscribedOrNot.jspf --><!-- Start UserSubscribedOrNot.jsp --><!-- 
    If the user is not logged in, render this opening 
    DIV adding an addtional class to fix the border top which is removed 
    and replaced by the tabs
-->
<div class="addToTrolleytabContainer addItemBorderTop">
<!-- End AddToSubscriptionList.jsp --><!-- End AddSubscriptionList.jspf --><!-- 
                    ATTENTION!!!
                    <div class="addToTrolleytabContainer">
                    This opening div is inside "../../ReusableObjects/UserSubscribedOrNot.jsp"
                    -->
                <div class="pricingAndTrolleyOptions">  
                    <div class="priceTab activeContainer priceTabContainer" id="addItem_1518723"> 
                        <div class="pricing">
                            
<p class="pricePerUnit">
Â£1.95 
</p>

<p class="pricePerMeasure">Â£3.55<abbr title="per">/</abbr>100<abbr title="gram"><span class="pricePerMeasureMeasure">g</span></abbr>
</p>

                                
                        </div>  
                          
                                    <div class="addToTrolleyForm ">   
                                        <!-- BEGIN AddToTrolley.jsp --><!-- fire an on add to bag here from  -->

<form class="addToTrolleyForm" name="OrderItemAddForm_1518722" action="OrderItemAdd" method="post" id="OrderItemAddForm_1518722">
    <input type="hidden" name="storeId" value="10151">
    <input type="hidden" name="langId" value="44">
    <input type="hidden" name="catalogId" value="10241">
    <input type="hidden" name="authToken" id="authToken1518722" value="-1002%2C3jIiHU%2F3lFc4jalpGDAhYOztAdQ%3D">
    
    
    <input type="hidden" name="errorViewName" value="PromotionDisplayView">
    <input type="hidden" name="SKU_ID" value="8182544">
    <input type="hidden" name="itemType" value="">
    <input type="hidden" name="parentSKU" value="">
    
    
       <input type="hidden" id="productCatentryId_1518723" value="1518722">
       <input type="hidden" id="catEntryId_1518722" value="1518723">
       <input type="hidden" name="ItemSKU_ID" value="8182544">
     
        
        <div class="quantity hidden" id="updateQtyPanelProduct_1518722" data-qty="">
            <ul>
                <li>
                    <a class="button decreaseQty " id="decreaseQty_1518722" href="#">-</a> 
                </li>
                <li>	
                    <label class="access" for="quantity_1518722">Quantity</label>						
                    <a href="#" class="button quantityPlp  " id="quantityUpdate_1518722">
                        </a>
                    <input name="quantity" id="quantity_1518722" type="hidden" size="3" value="" class="quantity">		        
                </li>
                <li>
                    
                    <a class="button increaseQty " id="increaseQty_1518722" href="#">+</a>
                </li>
            </ul>
        </div>				
            
        
            <input type="hidden" name="catEntryId" value="1518723">
        

        <input type="hidden" name="productId" value="1518722">
        

    <input type="hidden" name="URL" value="https://www.sainsburys.co.uk/webapp/wcs/stores/servlet/PromotionDisplayView?listId=2&amp;catalogId=10241&amp;productId=1117540&amp;langId=44&amp;storeId=10151&amp;promotionId=10669742">
    <input type="hidden" name="page" value="">
    <input type="hidden" name="contractId" value="">
    <input type="hidden" name="calculateOrder" value="1">
    <input type="hidden" name="calculationUsage" value="-1,-2,-3">
    <input type="hidden" name="updateable" value="1">
    <input type="hidden" name="merge" value="***">

                                  
            <input type="hidden" id="updateUrl_1518722" updateurlchild_1518723="AjaxOrderItemUpdate?calculateOrder=1&amp;itemType=&amp;ordItemUpdateFlag=0&amp;orderId=.&amp;updatePrices=1&amp;authToken=-1002%252C3jIiHU%252F3lFc4jalpGDAhYOztAdQ%253D&amp;calculationUsage=-1,-2,-3&amp;storeId=10151&amp;errorViewName=AjaxQuickCartDisplay&amp;URL=AjaxQuickCartDisplay&amp;catEntryId=1518723&amp;orderItemId_0=&amp;UOM_0=&amp;langId=44&amp;quantity_0=1">
            <input type="hidden" id="removeUrl_1518722" removeurlchild_1518723="AjaxOrderItemUpdate?calculateOrder=1&amp;itemType=&amp;productId=&amp;ordItemUpdateFlag=2&amp;orderId=.&amp;updatePrices=1&amp;authToken=-1002%252C3jIiHU%252F3lFc4jalpGDAhYOztAdQ%253D&amp;calculationUsage=-1,-2,-3&amp;storeId=10151&amp;errorViewName=AjaxQuickCartDisplay&amp;URL=AjaxQuickCartDisplay&amp;catEntryId=1518723&amp;productSKU=&amp;orderItemId_0=&amp;qtyDecremented=true&amp;langId=44&amp;quantity_0=0">           
         
       <input type="hidden" name="callAjax" value="false">
       
    
    <div class="add2Cart " id="addQtyPanelProduct_1518722">    
        
            <a class="button process addQty  " id="addQty_1518722" href="#">
                Add
            </a>

            <input type="hidden" name="Add" value="Add">
        
    </div>

</form>
<!-- END AddToTrolley.jsp -->
                                    </div>  
                                
                    </div><!-- END priceTabContainer Add container --><!-- Subscribe container --><!-- Start AddToSubscriptionList.jspf --><!-- Start AddToSubscriptionList.jsp --><!-- End AddToSubscriptionList.jsp --><!-- End AddToSubscriptionList.jspf --> 
                </div>  
            </div>  
        </div>
    </div>     
    </div> 
    <div id="additionalItems_1518723" class="additionalItems">
        <!-- BEGIN MerchandisingAssociationsDisplay.jsp --><!-- Start - JSP File Name:  MerchandisingAssociationsDisplay.jsp --><!-- END MerchandisingAssociationsDisplay.jsp -->  
    </div> 

<!-- END CatalogEntryThumbnailDisplay.jsp -->
                            </li>
                        
                            <li>
                                
                                                <div class="trolleySummary"><p class="saving">
                                                         <!-- %@ include file="../../include/PromotionStrapline.jspf"% -->
                                                </p></div>
                                            
                                                <div class="trolleySummary"><p class="saving">
                                                         <!-- %@ include file="../../include/PromotionStrapline.jspf"% -->
                                                </p></div>
                                            
                                                <div class="trolleySummary"><p class="saving">
                                                         <!-- %@ include file="../../include/PromotionStrapline.jspf"% -->
                                                </p></div>
                                            <!-- BEGIN CatalogEntryThumbnailDisplay.jsp -->
    <div class="product ">
        
        <div class="errorBanner hidden" id="error1329132"></div>
                        
        
        <div class="productInner">
            <div class="productInfoWrapper">
                <div class="productInfo">
                    
                            <h3>
                                <a href="https://www.sainsburys.co.uk/shop/gb/groceries/product/details/walkers-smoky-bacon-crisps-45g">
                                    Walkers Smoky Bacon Crisps 45g
                                    <img src="https://assets.sainsburys-groceries.co.uk/gol/8001456/image.jpg" alt="">
                                </a>
                            </h3>
                        
<div class="promotion">

                        <p>
                            <a strapline="Meal Deal for Â£5.00 | 8001456" href="https://www.sainsburys.co.uk/shop/PromotionDisplayView?listId=2&amp;catalogId=10241&amp;productId=1329132&amp;langId=44&amp;storeId=10151&amp;promotionId=10664136"><!-- BEGIN include/PromotionStrapline.jspf -->Meal Deal for Â£5.00<br>

<!-- FINISH include/PromotionStrapline.jspf -->
                            </a>
                        </p>
                    
                        <p>
                            <a strapline="Meal Deal for Â£3.75 | 8001456" href="https://www.sainsburys.co.uk/shop/PromotionDisplayView?listId=2&amp;catalogId=10241&amp;productId=1329132&amp;langId=44&amp;storeId=10151&amp;promotionId=10669742">PLUS <!-- BEGIN include/PromotionStrapline.jspf -->Meal Deal for Â£3.75<br>

<!-- FINISH include/PromotionStrapline.jspf -->
                            </a>
                        </p>
                                
</div>

                    <div class="ThumbnailRoundel">
                    <!--ThumbnailRoundel --> 
                    </div>
                    <div class="promoBages">
                        <!-- PROMOTION -->
                    </div>


                    <!-- Review --><!-- BEGIN CatalogEntryRatingsReviewsInfo.jspf --><!-- productAllowedRatingsAndReviews: true -->
<div class="reviews">

    <a class="numberOfReviews" href="https://www.sainsburys.co.uk/shop/gb/groceries/product/details/walkers-smoky-bacon-crisps-45g">
        <img src="//www.sainsburys.co.uk/wcsstore7.137.2/SainsburysStorefrontAssetStore/img/stars/rating-3_9.gif" alt="3.9444" border="0">&nbsp; 
        Reviews (18)
    </a>

</div>
<!-- END CatalogEntryRatingsReviewsInfo.jspf -->
                </div>
                <!--ThumbnailRestriction -->
            </div>
            
            <div class="addToTrolleytabBox">
            <!-- addToTrolleytabBox LIST VIEW--><!-- Start UserSubscribedOrNot.jspf --><!-- Start UserSubscribedOrNot.jsp --><!-- 
    If the user is not logged in, render this opening 
    DIV adding an addtional class to fix the border top which is removed 
    and replaced by the tabs
-->
<div class="addToTrolleytabContainer addItemBorderTop">
<!-- End AddToSubscriptionList.jsp --><!-- End AddSubscriptionList.jspf --><!-- 
                    ATTENTION!!!
                    <div class="addToTrolleytabContainer">
                    This opening div is inside "../../ReusableObjects/UserSubscribedOrNot.jsp"
                    -->
                <div class="pricingAndTrolleyOptions">  
                    <div class="priceTab activeContainer priceTabContainer" id="addItem_1329133"> 
                        <div class="pricing">
                            
<p class="pricePerUnit">
Â£1.10 
</p>

<p class="pricePerMeasure">Â£2.44<abbr title="per">/</abbr>100<abbr title="gram"><span class="pricePerMeasureMeasure">g</span></abbr>
</p>

                                
                        </div>  
                          
                                    <div class="addToTrolleyForm ">   
                                        <!-- BEGIN AddToTrolley.jsp --><!-- fire an on add to bag here from  -->

<form class="addToTrolleyForm" name="OrderItemAddForm_1329132" action="OrderItemAdd" method="post" id="OrderItemAddForm_1329132">
    <input type="hidden" name="storeId" value="10151">
    <input type="hidden" name="langId" value="44">
    <input type="hidden" name="catalogId" value="10241">
    <input type="hidden" name="authToken" id="authToken1329132" value="-1002%2C3jIiHU%2F3lFc4jalpGDAhYOztAdQ%3D">
    
    
    <input type="hidden" name="errorViewName" value="PromotionDisplayView">
    <input type="hidden" name="SKU_ID" value="8001456">
    <input type="hidden" name="itemType" value="">
    <input type="hidden" name="parentSKU" value="">
    
    
       <input type="hidden" id="productCatentryId_1329133" value="1329132">
       <input type="hidden" id="catEntryId_1329132" value="1329133">
       <input type="hidden" name="ItemSKU_ID" value="8001456">
     
        
        <div class="quantity hidden" id="updateQtyPanelProduct_1329132" data-qty="">
            <ul>
                <li>
                    <a class="button decreaseQty " id="decreaseQty_1329132" href="#">-</a> 
                </li>
                <li>	
                    <label class="access" for="quantity_1329132">Quantity</label>						
                    <a href="#" class="button quantityPlp  " id="quantityUpdate_1329132">
                        </a>
                    <input name="quantity" id="quantity_1329132" type="hidden" size="3" value="" class="quantity">		        
                </li>
                <li>
                    
                    <a class="button increaseQty " id="increaseQty_1329132" href="#">+</a>
                </li>
            </ul>
        </div>				
            
        
            <input type="hidden" name="catEntryId" value="1329133">
        

        <input type="hidden" name="productId" value="1329132">
        

    <input type="hidden" name="URL" value="https://www.sainsburys.co.uk/webapp/wcs/stores/servlet/PromotionDisplayView?listId=2&amp;catalogId=10241&amp;productId=1117540&amp;langId=44&amp;storeId=10151&amp;promotionId=10669742">
    <input type="hidden" name="page" value="">
    <input type="hidden" name="contractId" value="">
    <input type="hidden" name="calculateOrder" value="1">
    <input type="hidden" name="calculationUsage" value="-1,-2,-3">
    <input type="hidden" name="updateable" value="1">
    <input type="hidden" name="merge" value="***">

                                  
            <input type="hidden" id="updateUrl_1329132" updateurlchild_1329133="AjaxOrderItemUpdate?calculateOrder=1&amp;itemType=&amp;ordItemUpdateFlag=0&amp;orderId=.&amp;updatePrices=1&amp;authToken=-1002%252C3jIiHU%252F3lFc4jalpGDAhYOztAdQ%253D&amp;calculationUsage=-1,-2,-3&amp;storeId=10151&amp;errorViewName=AjaxQuickCartDisplay&amp;URL=AjaxQuickCartDisplay&amp;catEntryId=1329133&amp;orderItemId_0=&amp;UOM_0=&amp;langId=44&amp;quantity_0=1">
            <input type="hidden" id="removeUrl_1329132" removeurlchild_1329133="AjaxOrderItemUpdate?calculateOrder=1&amp;itemType=&amp;productId=&amp;ordItemUpdateFlag=2&amp;orderId=.&amp;updatePrices=1&amp;authToken=-1002%252C3jIiHU%252F3lFc4jalpGDAhYOztAdQ%253D&amp;calculationUsage=-1,-2,-3&amp;storeId=10151&amp;errorViewName=AjaxQuickCartDisplay&amp;URL=AjaxQuickCartDisplay&amp;catEntryId=1329133&amp;productSKU=&amp;orderItemId_0=&amp;qtyDecremented=true&amp;langId=44&amp;quantity_0=0">           
         
       <input type="hidden" name="callAjax" value="false">
       
    
    <div class="add2Cart " id="addQtyPanelProduct_1329132">    
        
            <a class="button process addQty  " id="addQty_1329132" href="#">
                Add
            </a>

            <input type="hidden" name="Add" value="Add">
        
    </div>

</form>
<!-- END AddToTrolley.jsp -->
                                    </div>  
                                
                    </div><!-- END priceTabContainer Add container --><!-- Subscribe container --><!-- Start AddToSubscriptionList.jspf --><!-- Start AddToSubscriptionList.jsp --><!-- End AddToSubscriptionList.jsp --><!-- End AddToSubscriptionList.jspf --> 
                </div>  
            </div>  
        </div>
    </div>     
    </div> 
    <div id="additionalItems_1329133" class="additionalItems">
        <!-- BEGIN MerchandisingAssociationsDisplay.jsp --><!-- Start - JSP File Name:  MerchandisingAssociationsDisplay.jsp --><!-- END MerchandisingAssociationsDisplay.jsp -->  
    </div> 

<!-- END CatalogEntryThumbnailDisplay.jsp -->
                            </li>
                        
                            <li>
                                
                                                <div class="trolleySummary"><p class="saving">
                                                         <!-- %@ include file="../../include/PromotionStrapline.jspf"% -->
                                                </p></div>
                                            
                                                <div class="trolleySummary"><p class="saving">
                                                         <!-- %@ include file="../../include/PromotionStrapline.jspf"% -->
                                                </p></div>
                                            
                                                <div class="trolleySummary"><p class="saving">
                                                         <!-- %@ include file="../../include/PromotionStrapline.jspf"% -->
                                                </p></div>
                                            <!-- BEGIN CatalogEntryThumbnailDisplay.jsp -->
    <div class="product ">
        
        <div class="errorBanner hidden" id="error1367426"></div>
                        
        
        <div class="productInner">
            <div class="productInfoWrapper">
                <div class="productInfo">
                    
                            <h3>
                                <a href="https://www.sainsburys.co.uk/shop/gb/groceries/product/details/cadbury-twirl-orange-chocolate-bar-43g">
                                    Cadbury Twirl Orange Chocolate Bar 43g
                                    <img src="https://assets.sainsburys-groceries.co.uk/gol/8036046/image.jpg" alt="">
                                </a>
                            </h3>
                        
<div class="promotion">

                        <p>
                            <a strapline="Meal Deal for Â£5.00 | 8036046" href="https://www.sainsburys.co.uk/shop/PromotionDisplayView?listId=2&amp;catalogId=10241&amp;productId=1367426&amp;langId=44&amp;storeId=10151&amp;promotionId=10664136"><!-- BEGIN include/PromotionStrapline.jspf -->Meal Deal for Â£5.00<br>

<!-- FINISH include/PromotionStrapline.jspf -->
                            </a>
                        </p>
                    
                        <p>
                            <a strapline="Meal Deal for Â£3.75 | 8036046" href="https://www.sainsburys.co.uk/shop/PromotionDisplayView?listId=2&amp;catalogId=10241&amp;productId=1367426&amp;langId=44&amp;storeId=10151&amp;promotionId=10669742">PLUS <!-- BEGIN include/PromotionStrapline.jspf -->Meal Deal for Â£3.75<br>

<!-- FINISH include/PromotionStrapline.jspf -->
                            </a>
                        </p>
                                
</div>

                    <div class="ThumbnailRoundel">
                    <!--ThumbnailRoundel --> 
                    </div>
                    <div class="promoBages">
                        <!-- PROMOTION -->
                    </div>


                    <!-- Review --><!-- BEGIN CatalogEntryRatingsReviewsInfo.jspf --><!-- productAllowedRatingsAndReviews: true -->
<div class="reviews">

    <a class="numberOfReviews" href="https://www.sainsburys.co.uk/shop/gb/groceries/product/details/cadbury-twirl-orange-chocolate-bar-43g">
        <img src="//www.sainsburys.co.uk/wcsstore7.137.2/SainsburysStorefrontAssetStore/img/stars/rating-4_8.gif" alt="4.7857" border="0">&nbsp; 
        Reviews (14)
    </a>

</div>
<!-- END CatalogEntryRatingsReviewsInfo.jspf -->
                </div>
                <!--ThumbnailRestriction -->
            </div>
            
            <div class="addToTrolleytabBox">
            <!-- addToTrolleytabBox LIST VIEW--><!-- Start UserSubscribedOrNot.jspf --><!-- Start UserSubscribedOrNot.jsp --><!-- 
    If the user is not logged in, render this opening 
    DIV adding an addtional class to fix the border top which is removed 
    and replaced by the tabs
-->
<div class="addToTrolleytabContainer addItemBorderTop">
<!-- End AddToSubscriptionList.jsp --><!-- End AddSubscriptionList.jspf --><!-- 
                    ATTENTION!!!
                    <div class="addToTrolleytabContainer">
                    This opening div is inside "../../ReusableObjects/UserSubscribedOrNot.jsp"
                    -->
                <div class="pricingAndTrolleyOptions">  
                    <div class="priceTab activeContainer priceTabContainer" id="addItem_1367427"> 
                        <div class="pricing">
                            
<p class="pricePerUnit">
Â£1.05 
</p>

<p class="pricePerMeasure">Â£2.44<abbr title="per">/</abbr>100<abbr title="gram"><span class="pricePerMeasureMeasure">g</span></abbr>
</p>

                                
                        </div>  
                          
                                    <div class="addToTrolleyForm ">   
                                        <!-- BEGIN AddToTrolley.jsp --><!-- fire an on add to bag here from  -->

<form class="addToTrolleyForm" name="OrderItemAddForm_1367426" action="OrderItemAdd" method="post" id="OrderItemAddForm_1367426">
    <input type="hidden" name="storeId" value="10151">
    <input type="hidden" name="langId" value="44">
    <input type="hidden" name="catalogId" value="10241">
    <input type="hidden" name="authToken" id="authToken1367426" value="-1002%2C3jIiHU%2F3lFc4jalpGDAhYOztAdQ%3D">
    
    
    <input type="hidden" name="errorViewName" value="PromotionDisplayView">
    <input type="hidden" name="SKU_ID" value="8036046">
    <input type="hidden" name="itemType" value="">
    <input type="hidden" name="parentSKU" value="">
    
    
       <input type="hidden" id="productCatentryId_1367427" value="1367426">
       <input type="hidden" id="catEntryId_1367426" value="1367427">
       <input type="hidden" name="ItemSKU_ID" value="8036046">
     
        
        <div class="quantity hidden" id="updateQtyPanelProduct_1367426" data-qty="">
            <ul>
                <li>
                    <a class="button decreaseQty " id="decreaseQty_1367426" href="#">-</a> 
                </li>
                <li>	
                    <label class="access" for="quantity_1367426">Quantity</label>						
                    <a href="#" class="button quantityPlp  " id="quantityUpdate_1367426">
                        </a>
                    <input name="quantity" id="quantity_1367426" type="hidden" size="3" value="" class="quantity">		        
                </li>
                <li>
                    
                    <a class="button increaseQty " id="increaseQty_1367426" href="#">+</a>
                </li>
            </ul>
        </div>				
            
        
            <input type="hidden" name="catEntryId" value="1367427">
        

        <input type="hidden" name="productId" value="1367426">
        

    <input type="hidden" name="URL" value="https://www.sainsburys.co.uk/webapp/wcs/stores/servlet/PromotionDisplayView?listId=2&amp;catalogId=10241&amp;productId=1117540&amp;langId=44&amp;storeId=10151&amp;promotionId=10669742">
    <input type="hidden" name="page" value="">
    <input type="hidden" name="contractId" value="">
    <input type="hidden" name="calculateOrder" value="1">
    <input type="hidden" name="calculationUsage" value="-1,-2,-3">
    <input type="hidden" name="updateable" value="1">
    <input type="hidden" name="merge" value="***">

                                  
            <input type="hidden" id="updateUrl_1367426" updateurlchild_1367427="AjaxOrderItemUpdate?calculateOrder=1&amp;itemType=&amp;ordItemUpdateFlag=0&amp;orderId=.&amp;updatePrices=1&amp;authToken=-1002%252C3jIiHU%252F3lFc4jalpGDAhYOztAdQ%253D&amp;calculationUsage=-1,-2,-3&amp;storeId=10151&amp;errorViewName=AjaxQuickCartDisplay&amp;URL=AjaxQuickCartDisplay&amp;catEntryId=1367427&amp;orderItemId_0=&amp;UOM_0=&amp;langId=44&amp;quantity_0=1">
            <input type="hidden" id="removeUrl_1367426" removeurlchild_1367427="AjaxOrderItemUpdate?calculateOrder=1&amp;itemType=&amp;productId=&amp;ordItemUpdateFlag=2&amp;orderId=.&amp;updatePrices=1&amp;authToken=-1002%252C3jIiHU%252F3lFc4jalpGDAhYOztAdQ%253D&amp;calculationUsage=-1,-2,-3&amp;storeId=10151&amp;errorViewName=AjaxQuickCartDisplay&amp;URL=AjaxQuickCartDisplay&amp;catEntryId=1367427&amp;productSKU=&amp;orderItemId_0=&amp;qtyDecremented=true&amp;langId=44&amp;quantity_0=0">           
         
       <input type="hidden" name="callAjax" value="false">
       
    
    <div class="add2Cart " id="addQtyPanelProduct_1367426">    
        
            <a class="button process addQty  " id="addQty_1367426" href="#">
                Add
            </a>

            <input type="hidden" name="Add" value="Add">
        
    </div>

</form>
<!-- END AddToTrolley.jsp -->
                                    </div>  
                                
                    </div><!-- END priceTabContainer Add container --><!-- Subscribe container --><!-- Start AddToSubscriptionList.jspf --><!-- Start AddToSubscriptionList.jsp --><!-- End AddToSubscriptionList.jsp --><!-- End AddToSubscriptionList.jspf --> 
                </div>  
            </div>  
        </div>
    </div>     
    </div> 
    <div id="additionalItems_1367427" class="additionalItems">
        <!-- BEGIN MerchandisingAssociationsDisplay.jsp --><!-- Start - JSP File Name:  MerchandisingAssociationsDisplay.jsp --><!-- END MerchandisingAssociationsDisplay.jsp -->  
    </div> 

<!-- END CatalogEntryThumbnailDisplay.jsp -->
                            </li>
                        
                            <li>
                                
                                                <div class="trolleySummary"><p class="saving">
                                                         <!-- %@ include file="../../include/PromotionStrapline.jspf"% -->
                                                </p></div>
                                            
                                                <div class="trolleySummary"><p class="saving">
                                                         <!-- %@ include file="../../include/PromotionStrapline.jspf"% -->
                                                </p></div>
                                            
                                                <div class="trolleySummary"><p class="saving">
                                                         <!-- %@ include file="../../include/PromotionStrapline.jspf"% -->
                                                </p></div>
                                            <!-- BEGIN CatalogEntryThumbnailDisplay.jsp -->
    <div class="product ">
        
        <div class="errorBanner hidden" id="error1151376"></div>
                        
        
        <div class="productInner">
            <div class="productInfoWrapper">
                <div class="productInfo">
                    
                            <h3>
                                <a href="https://www.sainsburys.co.uk/shop/gb/groceries/product/details/love-corn-smoked-bbq-roasted-corn-snack-45g">
                                    Love Corn Smoked BBQ Roasted Corn Snack 45g
                                    <img src="https://assets.sainsburys-groceries.co.uk/gol/7878373/image.jpg" alt="">
                                </a>
                            </h3>
                        
<div class="promotion">

                        <p>
                            <a strapline="Meal Deal for Â£5.00 | 7878373" href="https://www.sainsburys.co.uk/shop/PromotionDisplayView?listId=2&amp;catalogId=10241&amp;productId=1151376&amp;langId=44&amp;storeId=10151&amp;promotionId=10664136"><!-- BEGIN include/PromotionStrapline.jspf -->Meal Deal for Â£5.00<br>

<!-- FINISH include/PromotionStrapline.jspf -->
                            </a>
                        </p>
                    
                        <p>
                            <a strapline="Meal Deal for Â£3.75 | 7878373" href="https://www.sainsburys.co.uk/shop/PromotionDisplayView?listId=2&amp;catalogId=10241&amp;productId=1151376&amp;langId=44&amp;storeId=10151&amp;promotionId=10669742">PLUS <!-- BEGIN include/PromotionStrapline.jspf -->Meal Deal for Â£3.75<br>

<!-- FINISH include/PromotionStrapline.jspf -->
                            </a>
                        </p>
                                
</div>

                    <div class="ThumbnailRoundel">
                    <!--ThumbnailRoundel --> 
                    </div>
                    <div class="promoBages">
                        <!-- PROMOTION -->
                    </div>


                    <!-- Review --><!-- BEGIN CatalogEntryRatingsReviewsInfo.jspf --><!-- productAllowedRatingsAndReviews: true -->
<div class="reviews">

    <a class="numberOfReviews" href="https://www.sainsburys.co.uk/shop/gb/groceries/product/details/love-corn-smoked-bbq-roasted-corn-snack-45g">
        <img src="//www.sainsburys.co.uk/wcsstore7.137.2/SainsburysStorefrontAssetStore/img/stars/rating-4_7.gif" alt="4.7037" border="0">&nbsp; 
        Reviews (54)
    </a>

</div>
<!-- END CatalogEntryRatingsReviewsInfo.jspf -->
                </div>
                <!--ThumbnailRestriction -->
            </div>
            
            <div class="addToTrolleytabBox">
            <!-- addToTrolleytabBox LIST VIEW--><!-- Start UserSubscribedOrNot.jspf --><!-- Start UserSubscribedOrNot.jsp --><!-- 
    If the user is not logged in, render this opening 
    DIV adding an addtional class to fix the border top which is removed 
    and replaced by the tabs
-->
<div class="addToTrolleytabContainer addItemBorderTop">
<!-- End AddToSubscriptionList.jsp --><!-- End AddSubscriptionList.jspf --><!-- 
                    ATTENTION!!!
                    <div class="addToTrolleytabContainer">
                    This opening div is inside "../../ReusableObjects/UserSubscribedOrNot.jsp"
                    -->
                <div class="pricingAndTrolleyOptions">  
                    <div class="priceTab activeContainer priceTabContainer" id="addItem_1151377"> 
                        <div class="pricing">
                            
<p class="pricePerUnit">
Â£1.10 
</p>

<p class="pricePerMeasure">Â£2.44<abbr title="per">/</abbr>100<abbr title="gram"><span class="pricePerMeasureMeasure">g</span></abbr>
</p>

                                
                        </div>  
                          
                                    <div class="addToTrolleyForm ">   
                                        <!-- BEGIN AddToTrolley.jsp --><!-- fire an on add to bag here from  -->

<form class="addToTrolleyForm" name="OrderItemAddForm_1151376" action="OrderItemAdd" method="post" id="OrderItemAddForm_1151376">
    <input type="hidden" name="storeId" value="10151">
    <input type="hidden" name="langId" value="44">
    <input type="hidden" name="catalogId" value="10241">
    <input type="hidden" name="authToken" id="authToken1151376" value="-1002%2C3jIiHU%2F3lFc4jalpGDAhYOztAdQ%3D">
    
    
    <input type="hidden" name="errorViewName" value="PromotionDisplayView">
    <input type="hidden" name="SKU_ID" value="7878373">
    <input type="hidden" name="itemType" value="">
    <input type="hidden" name="parentSKU" value="">
    
    
       <input type="hidden" id="productCatentryId_1151377" value="1151376">
       <input type="hidden" id="catEntryId_1151376" value="1151377">
       <input type="hidden" name="ItemSKU_ID" value="7878373">
     
        
        <div class="quantity hidden" id="updateQtyPanelProduct_1151376" data-qty="">
            <ul>
                <li>
                    <a class="button decreaseQty " id="decreaseQty_1151376" href="#">-</a> 
                </li>
                <li>	
                    <label class="access" for="quantity_1151376">Quantity</label>						
                    <a href="#" class="button quantityPlp  " id="quantityUpdate_1151376">
                        </a>
                    <input name="quantity" id="quantity_1151376" type="hidden" size="3" value="" class="quantity">		        
                </li>
                <li>
                    
                    <a class="button increaseQty " id="increaseQty_1151376" href="#">+</a>
                </li>
            </ul>
        </div>				
            
        
            <input type="hidden" name="catEntryId" value="1151377">
        

        <input type="hidden" name="productId" value="1151376">
        

    <input type="hidden" name="URL" value="https://www.sainsburys.co.uk/webapp/wcs/stores/servlet/PromotionDisplayView?listId=2&amp;catalogId=10241&amp;productId=1117540&amp;langId=44&amp;storeId=10151&amp;promotionId=10669742">
    <input type="hidden" name="page" value="">
    <input type="hidden" name="contractId" value="">
    <input type="hidden" name="calculateOrder" value="1">
    <input type="hidden" name="calculationUsage" value="-1,-2,-3">
    <input type="hidden" name="updateable" value="1">
    <input type="hidden" name="merge" value="***">

                                  
            <input type="hidden" id="updateUrl_1151376" updateurlchild_1151377="AjaxOrderItemUpdate?calculateOrder=1&amp;itemType=&amp;ordItemUpdateFlag=0&amp;orderId=.&amp;updatePrices=1&amp;authToken=-1002%252C3jIiHU%252F3lFc4jalpGDAhYOztAdQ%253D&amp;calculationUsage=-1,-2,-3&amp;storeId=10151&amp;errorViewName=AjaxQuickCartDisplay&amp;URL=AjaxQuickCartDisplay&amp;catEntryId=1151377&amp;orderItemId_0=&amp;UOM_0=&amp;langId=44&amp;quantity_0=1">
            <input type="hidden" id="removeUrl_1151376" removeurlchild_1151377="AjaxOrderItemUpdate?calculateOrder=1&amp;itemType=&amp;productId=&amp;ordItemUpdateFlag=2&amp;orderId=.&amp;updatePrices=1&amp;authToken=-1002%252C3jIiHU%252F3lFc4jalpGDAhYOztAdQ%253D&amp;calculationUsage=-1,-2,-3&amp;storeId=10151&amp;errorViewName=AjaxQuickCartDisplay&amp;URL=AjaxQuickCartDisplay&amp;catEntryId=1151377&amp;productSKU=&amp;orderItemId_0=&amp;qtyDecremented=true&amp;langId=44&amp;quantity_0=0">           
         
       <input type="hidden" name="callAjax" value="false">
       
    
    <div class="add2Cart " id="addQtyPanelProduct_1151376">    
        
            <a class="button process addQty  " id="addQty_1151376" href="#">
                Add
            </a>

            <input type="hidden" name="Add" value="Add">
        
    </div>

</form>
<!-- END AddToTrolley.jsp -->
                                    </div>  
                                
                    </div><!-- END priceTabContainer Add container --><!-- Subscribe container --><!-- Start AddToSubscriptionList.jspf --><!-- Start AddToSubscriptionList.jsp --><!-- End AddToSubscriptionList.jsp --><!-- End AddToSubscriptionList.jspf --> 
                </div>  
            </div>  
        </div>
    </div>     
    </div> 
    <div id="additionalItems_1151377" class="additionalItems">
        <!-- BEGIN MerchandisingAssociationsDisplay.jsp --><!-- Start - JSP File Name:  MerchandisingAssociationsDisplay.jsp --><!-- END MerchandisingAssociationsDisplay.jsp -->  
    </div> 

<!-- END CatalogEntryThumbnailDisplay.jsp -->
                            </li>
                        
                            <li>
                                
                                                <div class="trolleySummary"><p class="saving">
                                                         <!-- %@ include file="../../include/PromotionStrapline.jspf"% -->
                                                </p></div>
                                            
                                                <div class="trolleySummary"><p class="saving">
                                                         <!-- %@ include file="../../include/PromotionStrapline.jspf"% -->
                                                </p></div>
                                            
                                                <div class="trolleySummary"><p class="saving">
                                                         <!-- %@ include file="../../include/PromotionStrapline.jspf"% -->
                                                </p></div>
                                            <!-- BEGIN CatalogEntryThumbnailDisplay.jsp -->
    <div class="product ">
        
        <div class="errorBanner hidden" id="error1503568"></div>
                        
        
        <div class="productInner">
            <div class="productInfoWrapper">
                <div class="productInfo">
                    
                            <h3>
                                <a href="https://www.sainsburys.co.uk/shop/gb/groceries/product/details/mccoys-flame-grilled-steak-flavour-potato-crisps-45g">
                                    McCoy's Steak Flavour Flame Grilled Potato Crisps 45g
                                    <img src="https://assets.sainsburys-groceries.co.uk/gol/8170136/image.jpg" alt="">
                                </a>
                            </h3>
                        
<div class="promotion">

                        <p>
                            <a strapline="Meal Deal for Â£5.00 | 8170136" href="https://www.sainsburys.co.uk/shop/PromotionDisplayView?listId=2&amp;catalogId=10241&amp;productId=1503568&amp;langId=44&amp;storeId=10151&amp;promotionId=10664136"><!-- BEGIN include/PromotionStrapline.jspf -->Meal Deal for Â£5.00<br>

<!-- FINISH include/PromotionStrapline.jspf -->
                            </a>
                        </p>
                    
                        <p>
                            <a strapline="Meal Deal for Â£3.75 | 8170136" href="https://www.sainsburys.co.uk/shop/PromotionDisplayView?listId=2&amp;catalogId=10241&amp;productId=1503568&amp;langId=44&amp;storeId=10151&amp;promotionId=10669742">PLUS <!-- BEGIN include/PromotionStrapline.jspf -->Meal Deal for Â£3.75<br>

<!-- FINISH include/PromotionStrapline.jspf -->
                            </a>
                        </p>
                                
</div>

                    <div class="ThumbnailRoundel">
                    <!--ThumbnailRoundel --> 
                    </div>
                    <div class="promoBages">
                        <!-- PROMOTION -->
                    </div>


                    <!-- Review --><!-- BEGIN CatalogEntryRatingsReviewsInfo.jspf --><!-- productAllowedRatingsAndReviews: true -->
<div class="reviews">

    <a class="numberOfReviews" href="https://www.sainsburys.co.uk/shop/gb/groceries/product/details/mccoys-flame-grilled-steak-flavour-potato-crisps-45g">
        <img src="//www.sainsburys.co.uk/wcsstore7.137.2/SainsburysStorefrontAssetStore/img/stars/rating-4_9.gif" alt="4.9167" border="0">&nbsp; 
        Reviews (12)
    </a>

</div>
<!-- END CatalogEntryRatingsReviewsInfo.jspf -->
                </div>
                <!--ThumbnailRestriction -->
            </div>
            
            <div class="addToTrolleytabBox">
            <!-- addToTrolleytabBox LIST VIEW--><!-- Start UserSubscribedOrNot.jspf --><!-- Start UserSubscribedOrNot.jsp --><!-- 
    If the user is not logged in, render this opening 
    DIV adding an addtional class to fix the border top which is removed 
    and replaced by the tabs
-->
<div class="addToTrolleytabContainer addItemBorderTop">
<!-- End AddToSubscriptionList.jsp --><!-- End AddSubscriptionList.jspf --><!-- 
                    ATTENTION!!!
                    <div class="addToTrolleytabContainer">
                    This opening div is inside "../../ReusableObjects/UserSubscribedOrNot.jsp"
                    -->
                <div class="pricingAndTrolleyOptions">  
                    <div class="priceTab activeContainer priceTabContainer" id="addItem_1503569"> 
                        <div class="pricing">
                            
<p class="pricePerUnit">
Â£1.10 
</p>

<p class="pricePerMeasure">Â£2.44<abbr title="per">/</abbr>100<abbr title="gram"><span class="pricePerMeasureMeasure">g</span></abbr>
</p>

                                
                        </div>  
                          
                                    <div class="addToTrolleyForm ">   
                                        <!-- BEGIN AddToTrolley.jsp --><!-- fire an on add to bag here from  -->

<form class="addToTrolleyForm" name="OrderItemAddForm_1503568" action="OrderItemAdd" method="post" id="OrderItemAddForm_1503568">
    <input type="hidden" name="storeId" value="10151">
    <input type="hidden" name="langId" value="44">
    <input type="hidden" name="catalogId" value="10241">
    <input type="hidden" name="authToken" id="authToken1503568" value="-1002%2C3jIiHU%2F3lFc4jalpGDAhYOztAdQ%3D">
    
    
    <input type="hidden" name="errorViewName" value="PromotionDisplayView">
    <input type="hidden" name="SKU_ID" value="8170136">
    <input type="hidden" name="itemType" value="">
    <input type="hidden" name="parentSKU" value="">
    
    
       <input type="hidden" id="productCatentryId_1503569" value="1503568">
       <input type="hidden" id="catEntryId_1503568" value="1503569">
       <input type="hidden" name="ItemSKU_ID" value="8170136">
     
        
        <div class="quantity hidden" id="updateQtyPanelProduct_1503568" data-qty="">
            <ul>
                <li>
                    <a class="button decreaseQty " id="decreaseQty_1503568" href="#">-</a> 
                </li>
                <li>	
                    <label class="access" for="quantity_1503568">Quantity</label>						
                    <a href="#" class="button quantityPlp  " id="quantityUpdate_1503568">
                        </a>
                    <input name="quantity" id="quantity_1503568" type="hidden" size="3" value="" class="quantity">		        
                </li>
                <li>
                    
                    <a class="button increaseQty " id="increaseQty_1503568" href="#">+</a>
                </li>
            </ul>
        </div>				
            
        
            <input type="hidden" name="catEntryId" value="1503569">
        

        <input type="hidden" name="productId" value="1503568">
        

    <input type="hidden" name="URL" value="https://www.sainsburys.co.uk/webapp/wcs/stores/servlet/PromotionDisplayView?listId=2&amp;catalogId=10241&amp;productId=1117540&amp;langId=44&amp;storeId=10151&amp;promotionId=10669742">
    <input type="hidden" name="page" value="">
    <input type="hidden" name="contractId" value="">
    <input type="hidden" name="calculateOrder" value="1">
    <input type="hidden" name="calculationUsage" value="-1,-2,-3">
    <input type="hidden" name="updateable" value="1">
    <input type="hidden" name="merge" value="***">

                                  
            <input type="hidden" id="updateUrl_1503568" updateurlchild_1503569="AjaxOrderItemUpdate?calculateOrder=1&amp;itemType=&amp;ordItemUpdateFlag=0&amp;orderId=.&amp;updatePrices=1&amp;authToken=-1002%252C3jIiHU%252F3lFc4jalpGDAhYOztAdQ%253D&amp;calculationUsage=-1,-2,-3&amp;storeId=10151&amp;errorViewName=AjaxQuickCartDisplay&amp;URL=AjaxQuickCartDisplay&amp;catEntryId=1503569&amp;orderItemId_0=&amp;UOM_0=&amp;langId=44&amp;quantity_0=1">
            <input type="hidden" id="removeUrl_1503568" removeurlchild_1503569="AjaxOrderItemUpdate?calculateOrder=1&amp;itemType=&amp;productId=&amp;ordItemUpdateFlag=2&amp;orderId=.&amp;updatePrices=1&amp;authToken=-1002%252C3jIiHU%252F3lFc4jalpGDAhYOztAdQ%253D&amp;calculationUsage=-1,-2,-3&amp;storeId=10151&amp;errorViewName=AjaxQuickCartDisplay&amp;URL=AjaxQuickCartDisplay&amp;catEntryId=1503569&amp;productSKU=&amp;orderItemId_0=&amp;qtyDecremented=true&amp;langId=44&amp;quantity_0=0">           
         
       <input type="hidden" name="callAjax" value="false">
       
    
    <div class="add2Cart " id="addQtyPanelProduct_1503568">    
        
            <a class="button process addQty  " id="addQty_1503568" href="#">
                Add
            </a>

            <input type="hidden" name="Add" value="Add">
        
    </div>

</form>
<!-- END AddToTrolley.jsp -->
                                    </div>  
                                
                    </div><!-- END priceTabContainer Add container --><!-- Subscribe container --><!-- Start AddToSubscriptionList.jspf --><!-- Start AddToSubscriptionList.jsp --><!-- End AddToSubscriptionList.jsp --><!-- End AddToSubscriptionList.jspf --> 
                </div>  
            </div>  
        </div>
    </div>     
    </div> 
    <div id="additionalItems_1503569" class="additionalItems">
        <!-- BEGIN MerchandisingAssociationsDisplay.jsp --><!-- Start - JSP File Name:  MerchandisingAssociationsDisplay.jsp --><!-- END MerchandisingAssociationsDisplay.jsp -->  
    </div> 

<!-- END CatalogEntryThumbnailDisplay.jsp -->
                            </li>
                        
                            <li>
                                
                                                <div class="trolleySummary"><p class="saving">
                                                         <!-- %@ include file="../../include/PromotionStrapline.jspf"% -->
                                                </p></div>
                                            
                                                <div class="trolleySummary"><p class="saving">
                                                         <!-- %@ include file="../../include/PromotionStrapline.jspf"% -->
                                                </p></div>
                                            
                                                <div class="trolleySummary"><p class="saving">
                                                         <!-- %@ include file="../../include/PromotionStrapline.jspf"% -->
                                                </p></div>
                                            <!-- BEGIN CatalogEntryThumbnailDisplay.jsp -->
    <div class="product ">
        
        <div class="errorBanner hidden" id="error1503566"></div>
                        
        
        <div class="productInner">
            <div class="productInfoWrapper">
                <div class="productInfo">
                    
                            <h3>
                                <a href="https://www.sainsburys.co.uk/shop/gb/groceries/product/details/hula-hoops-big-hoops-sharp-salt-vinegar-flavour-45g">
                                    Hula Hoops Salt &amp; Vinegar Flavour Big Hoops Sharp 45g
                                    <img src="https://assets.sainsburys-groceries.co.uk/gol/8170134/image.jpg" alt="">
                                </a>
                            </h3>
                        
<div class="promotion">

                        <p>
                            <a strapline="Meal Deal for Â£5.00 | 8170134" href="https://www.sainsburys.co.uk/shop/PromotionDisplayView?listId=2&amp;catalogId=10241&amp;productId=1503566&amp;langId=44&amp;storeId=10151&amp;promotionId=10664136"><!-- BEGIN include/PromotionStrapline.jspf -->Meal Deal for Â£5.00<br>

<!-- FINISH include/PromotionStrapline.jspf -->
                            </a>
                        </p>
                    
                        <p>
                            <a strapline="Meal Deal for Â£3.75 | 8170134" href="https://www.sainsburys.co.uk/shop/PromotionDisplayView?listId=2&amp;catalogId=10241&amp;productId=1503566&amp;langId=44&amp;storeId=10151&amp;promotionId=10669742">PLUS <!-- BEGIN include/PromotionStrapline.jspf -->Meal Deal for Â£3.75<br>

<!-- FINISH include/PromotionStrapline.jspf -->
                            </a>
                        </p>
                                
</div>

                    <div class="ThumbnailRoundel">
                    <!--ThumbnailRoundel --> 
                    </div>
                    <div class="promoBages">
                        <!-- PROMOTION -->
                    </div>


                    <!-- Review --><!-- BEGIN CatalogEntryRatingsReviewsInfo.jspf --><!-- productAllowedRatingsAndReviews: true -->
<div class="reviews">

    <a class="numberOfReviews" href="https://www.sainsburys.co.uk/shop/gb/groceries/product/details/hula-hoops-big-hoops-sharp-salt-vinegar-flavour-45g">
        <img src="//www.sainsburys.co.uk/wcsstore7.137.2/SainsburysStorefrontAssetStore/img/stars/rating-5_0.gif" alt="5.0" border="0">&nbsp; 
        Reviews (10)
    </a>

</div>
<!-- END CatalogEntryRatingsReviewsInfo.jspf -->
                </div>
                <!--ThumbnailRestriction -->
            </div>
            
            <div class="addToTrolleytabBox">
            <!-- addToTrolleytabBox LIST VIEW--><!-- Start UserSubscribedOrNot.jspf --><!-- Start UserSubscribedOrNot.jsp --><!-- 
    If the user is not logged in, render this opening 
    DIV adding an addtional class to fix the border top which is removed 
    and replaced by the tabs
-->
<div class="addToTrolleytabContainer addItemBorderTop">
<!-- End AddToSubscriptionList.jsp --><!-- End AddSubscriptionList.jspf --><!-- 
                    ATTENTION!!!
                    <div class="addToTrolleytabContainer">
                    This opening div is inside "../../ReusableObjects/UserSubscribedOrNot.jsp"
                    -->
                <div class="pricingAndTrolleyOptions">  
                    <div class="priceTab activeContainer priceTabContainer" id="addItem_1503567"> 
                        <div class="pricing">
                            
<p class="pricePerUnit">
Â£1.10 
</p>

<p class="pricePerMeasure">Â£2.44<abbr title="per">/</abbr>100<abbr title="gram"><span class="pricePerMeasureMeasure">g</span></abbr>
</p>

                                
                        </div>  
                          
                                    <div class="addToTrolleyForm ">   
                                        <!-- BEGIN AddToTrolley.jsp --><!-- fire an on add to bag here from  -->

<form class="addToTrolleyForm" name="OrderItemAddForm_1503566" action="OrderItemAdd" method="post" id="OrderItemAddForm_1503566">
    <input type="hidden" name="storeId" value="10151">
    <input type="hidden" name="langId" value="44">
    <input type="hidden" name="catalogId" value="10241">
    <input type="hidden" name="authToken" id="authToken1503566" value="-1002%2C3jIiHU%2F3lFc4jalpGDAhYOztAdQ%3D">
    
    
    <input type="hidden" name="errorViewName" value="PromotionDisplayView">
    <input type="hidden" name="SKU_ID" value="8170134">
    <input type="hidden" name="itemType" value="">
    <input type="hidden" name="parentSKU" value="">
    
    
       <input type="hidden" id="productCatentryId_1503567" value="1503566">
       <input type="hidden" id="catEntryId_1503566" value="1503567">
       <input type="hidden" name="ItemSKU_ID" value="8170134">
     
        
        <div class="quantity hidden" id="updateQtyPanelProduct_1503566" data-qty="">
            <ul>
                <li>
                    <a class="button decreaseQty " id="decreaseQty_1503566" href="#">-</a> 
                </li>
                <li>	
                    <label class="access" for="quantity_1503566">Quantity</label>						
                    <a href="#" class="button quantityPlp  " id="quantityUpdate_1503566">
                        </a>
                    <input name="quantity" id="quantity_1503566" type="hidden" size="3" value="" class="quantity">		        
                </li>
                <li>
                    
                    <a class="button increaseQty " id="increaseQty_1503566" href="#">+</a>
                </li>
            </ul>
        </div>				
            
        
            <input type="hidden" name="catEntryId" value="1503567">
        

        <input type="hidden" name="productId" value="1503566">
        

    <input type="hidden" name="URL" value="https://www.sainsburys.co.uk/webapp/wcs/stores/servlet/PromotionDisplayView?listId=2&amp;catalogId=10241&amp;productId=1117540&amp;langId=44&amp;storeId=10151&amp;promotionId=10669742">
    <input type="hidden" name="page" value="">
    <input type="hidden" name="contractId" value="">
    <input type="hidden" name="calculateOrder" value="1">
    <input type="hidden" name="calculationUsage" value="-1,-2,-3">
    <input type="hidden" name="updateable" value="1">
    <input type="hidden" name="merge" value="***">

                                  
            <input type="hidden" id="updateUrl_1503566" updateurlchild_1503567="AjaxOrderItemUpdate?calculateOrder=1&amp;itemType=&amp;ordItemUpdateFlag=0&amp;orderId=.&amp;updatePrices=1&amp;authToken=-1002%252C3jIiHU%252F3lFc4jalpGDAhYOztAdQ%253D&amp;calculationUsage=-1,-2,-3&amp;storeId=10151&amp;errorViewName=AjaxQuickCartDisplay&amp;URL=AjaxQuickCartDisplay&amp;catEntryId=1503567&amp;orderItemId_0=&amp;UOM_0=&amp;langId=44&amp;quantity_0=1">
            <input type="hidden" id="removeUrl_1503566" removeurlchild_1503567="AjaxOrderItemUpdate?calculateOrder=1&amp;itemType=&amp;productId=&amp;ordItemUpdateFlag=2&amp;orderId=.&amp;updatePrices=1&amp;authToken=-1002%252C3jIiHU%252F3lFc4jalpGDAhYOztAdQ%253D&amp;calculationUsage=-1,-2,-3&amp;storeId=10151&amp;errorViewName=AjaxQuickCartDisplay&amp;URL=AjaxQuickCartDisplay&amp;catEntryId=1503567&amp;productSKU=&amp;orderItemId_0=&amp;qtyDecremented=true&amp;langId=44&amp;quantity_0=0">           
         
       <input type="hidden" name="callAjax" value="false">
       
    
    <div class="add2Cart " id="addQtyPanelProduct_1503566">    
        
            <a class="button process addQty  " id="addQty_1503566" href="#">
                Add
            </a>

            <input type="hidden" name="Add" value="Add">
        
    </div>

</form>
<!-- END AddToTrolley.jsp -->
                                    </div>  
                                
                    </div><!-- END priceTabContainer Add container --><!-- Subscribe container --><!-- Start AddToSubscriptionList.jspf --><!-- Start AddToSubscriptionList.jsp --><!-- End AddToSubscriptionList.jsp --><!-- End AddToSubscriptionList.jspf --> 
                </div>  
            </div>  
        </div>
    </div>     
    </div> 
    <div id="additionalItems_1503567" class="additionalItems">
        <!-- BEGIN MerchandisingAssociationsDisplay.jsp --><!-- Start - JSP File Name:  MerchandisingAssociationsDisplay.jsp --><!-- END MerchandisingAssociationsDisplay.jsp -->  
    </div> 

<!-- END CatalogEntryThumbnailDisplay.jsp -->
                            </li>
                        
                            <li>
                                
                                                <div class="trolleySummary"><p class="saving">
                                                         <!-- %@ include file="../../include/PromotionStrapline.jspf"% -->
                                                </p></div>
                                            
                                                <div class="trolleySummary"><p class="saving">
                                                         <!-- %@ include file="../../include/PromotionStrapline.jspf"% -->
                                                </p></div>
                                            
                                                <div class="trolleySummary"><p class="saving">
                                                         <!-- %@ include file="../../include/PromotionStrapline.jspf"% -->
                                                </p></div>
                                            <!-- BEGIN CatalogEntryThumbnailDisplay.jsp -->
    <div class="product ">
        
        <div class="errorBanner hidden" id="error1304066"></div>
                        
        
        <div class="productInner">
            <div class="productInfoWrapper">
                <div class="productInfo">
                    
                            <h3>
                                <a href="https://www.sainsburys.co.uk/shop/gb/groceries/product/details/sainsburys-on-the-go-almonds-25g">
                                    Sainsbury's On the Go Almonds 25g
                                    <img src="https://assets.sainsburys-groceries.co.uk/gol/7981622/image.jpg" alt="">
                                </a>
                            </h3>
                        
<div class="promotion">

                        <p>
                            <a strapline="Meal Deal for Â£5.00 | 7981622" href="https://www.sainsburys.co.uk/shop/PromotionDisplayView?listId=2&amp;catalogId=10241&amp;productId=1304066&amp;langId=44&amp;storeId=10151&amp;promotionId=10664136"><!-- BEGIN include/PromotionStrapline.jspf -->Meal Deal for Â£5.00<br>

<!-- FINISH include/PromotionStrapline.jspf -->
                            </a>
                        </p>
                    
                        <p>
                            <a strapline="Meal Deal for Â£3.75 | 7981622" href="https://www.sainsburys.co.uk/shop/PromotionDisplayView?listId=2&amp;catalogId=10241&amp;productId=1304066&amp;langId=44&amp;storeId=10151&amp;promotionId=10669742">PLUS <!-- BEGIN include/PromotionStrapline.jspf -->Meal Deal for Â£3.75<br>

<!-- FINISH include/PromotionStrapline.jspf -->
                            </a>
                        </p>
                                
</div>

                    <div class="ThumbnailRoundel">
                    <!--ThumbnailRoundel --> 
                    </div>
                    <div class="promoBages">
                        <!-- PROMOTION -->
                    </div>


                    <!-- Review --><!-- BEGIN CatalogEntryRatingsReviewsInfo.jspf --><!-- productAllowedRatingsAndReviews: true -->
<div class="reviews">

    <a class="numberOfReviews" href="https://www.sainsburys.co.uk/shop/gb/groceries/product/details/sainsburys-on-the-go-almonds-25g">
        <img src="//www.sainsburys.co.uk/wcsstore7.137.2/SainsburysStorefrontAssetStore/img/stars/rating-4_5.gif" alt="4.5" border="0">&nbsp; 
        Reviews (2)
    </a>

</div>
<!-- END CatalogEntryRatingsReviewsInfo.jspf -->
                </div>
                <!--ThumbnailRestriction -->
            </div>
            
            <div class="addToTrolleytabBox">
            <!-- addToTrolleytabBox LIST VIEW--><!-- Start UserSubscribedOrNot.jspf --><!-- Start UserSubscribedOrNot.jsp --><!-- 
    If the user is not logged in, render this opening 
    DIV adding an addtional class to fix the border top which is removed 
    and replaced by the tabs
-->
<div class="addToTrolleytabContainer addItemBorderTop">
<!-- End AddToSubscriptionList.jsp --><!-- End AddSubscriptionList.jspf --><!-- 
                    ATTENTION!!!
                    <div class="addToTrolleytabContainer">
                    This opening div is inside "../../ReusableObjects/UserSubscribedOrNot.jsp"
                    -->
                <div class="pricingAndTrolleyOptions">  
                    <div class="priceTab activeContainer priceTabContainer" id="addItem_1304067"> 
                        <div class="pricing">
                            
<p class="pricePerUnit">
70p 
</p>

<p class="pricePerMeasure">Â£2.80<abbr title="per">/</abbr>100<abbr title="gram"><span class="pricePerMeasureMeasure">g</span></abbr>
</p>

                                
                        </div>  
                          
                                    <div class="addToTrolleyForm ">   
                                        <!-- BEGIN AddToTrolley.jsp --><!-- fire an on add to bag here from  -->

<form class="addToTrolleyForm" name="OrderItemAddForm_1304066" action="OrderItemAdd" method="post" id="OrderItemAddForm_1304066">
    <input type="hidden" name="storeId" value="10151">
    <input type="hidden" name="langId" value="44">
    <input type="hidden" name="catalogId" value="10241">
    <input type="hidden" name="authToken" id="authToken1304066" value="-1002%2C3jIiHU%2F3lFc4jalpGDAhYOztAdQ%3D">
    
    
    <input type="hidden" name="errorViewName" value="PromotionDisplayView">
    <input type="hidden" name="SKU_ID" value="7981622">
    <input type="hidden" name="itemType" value="">
    <input type="hidden" name="parentSKU" value="">
    
    
       <input type="hidden" id="productCatentryId_1304067" value="1304066">
       <input type="hidden" id="catEntryId_1304066" value="1304067">
       <input type="hidden" name="ItemSKU_ID" value="7981622">
     
        
        <div class="quantity hidden" id="updateQtyPanelProduct_1304066" data-qty="">
            <ul>
                <li>
                    <a class="button decreaseQty " id="decreaseQty_1304066" href="#">-</a> 
                </li>
                <li>	
                    <label class="access" for="quantity_1304066">Quantity</label>						
                    <a href="#" class="button quantityPlp  " id="quantityUpdate_1304066">
                        </a>
                    <input name="quantity" id="quantity_1304066" type="hidden" size="3" value="" class="quantity">		        
                </li>
                <li>
                    
                    <a class="button increaseQty " id="increaseQty_1304066" href="#">+</a>
                </li>
            </ul>
        </div>				
            
        
            <input type="hidden" name="catEntryId" value="1304067">
        

        <input type="hidden" name="productId" value="1304066">
        

    <input type="hidden" name="URL" value="https://www.sainsburys.co.uk/webapp/wcs/stores/servlet/PromotionDisplayView?listId=2&amp;catalogId=10241&amp;productId=1117540&amp;langId=44&amp;storeId=10151&amp;promotionId=10669742">
    <input type="hidden" name="page" value="">
    <input type="hidden" name="contractId" value="">
    <input type="hidden" name="calculateOrder" value="1">
    <input type="hidden" name="calculationUsage" value="-1,-2,-3">
    <input type="hidden" name="updateable" value="1">
    <input type="hidden" name="merge" value="***">

                                  
            <input type="hidden" id="updateUrl_1304066" updateurlchild_1304067="AjaxOrderItemUpdate?calculateOrder=1&amp;itemType=&amp;ordItemUpdateFlag=0&amp;orderId=.&amp;updatePrices=1&amp;authToken=-1002%252C3jIiHU%252F3lFc4jalpGDAhYOztAdQ%253D&amp;calculationUsage=-1,-2,-3&amp;storeId=10151&amp;errorViewName=AjaxQuickCartDisplay&amp;URL=AjaxQuickCartDisplay&amp;catEntryId=1304067&amp;orderItemId_0=&amp;UOM_0=&amp;langId=44&amp;quantity_0=1">
            <input type="hidden" id="removeUrl_1304066" removeurlchild_1304067="AjaxOrderItemUpdate?calculateOrder=1&amp;itemType=&amp;productId=&amp;ordItemUpdateFlag=2&amp;orderId=.&amp;updatePrices=1&amp;authToken=-1002%252C3jIiHU%252F3lFc4jalpGDAhYOztAdQ%253D&amp;calculationUsage=-1,-2,-3&amp;storeId=10151&amp;errorViewName=AjaxQuickCartDisplay&amp;URL=AjaxQuickCartDisplay&amp;catEntryId=1304067&amp;productSKU=&amp;orderItemId_0=&amp;qtyDecremented=true&amp;langId=44&amp;quantity_0=0">           
         
       <input type="hidden" name="callAjax" value="false">
       
    
    <div class="add2Cart " id="addQtyPanelProduct_1304066">    
        
            <a class="button process addQty  " id="addQty_1304066" href="#">
                Add
            </a>

            <input type="hidden" name="Add" value="Add">
        
    </div>

</form>
<!-- END AddToTrolley.jsp -->
                                    </div>  
                                
                    </div><!-- END priceTabContainer Add container --><!-- Subscribe container --><!-- Start AddToSubscriptionList.jspf --><!-- Start AddToSubscriptionList.jsp --><!-- End AddToSubscriptionList.jsp --><!-- End AddToSubscriptionList.jspf --> 
                </div>  
            </div>  
        </div>
    </div>     
    </div> 
    <div id="additionalItems_1304067" class="additionalItems">
        <!-- BEGIN MerchandisingAssociationsDisplay.jsp --><!-- Start - JSP File Name:  MerchandisingAssociationsDisplay.jsp --><!-- END MerchandisingAssociationsDisplay.jsp -->  
    </div> 

<!-- END CatalogEntryThumbnailDisplay.jsp -->
                            </li>
                        
                            <li>
                                
                                                <div class="trolleySummary"><p class="saving">
                                                         <!-- %@ include file="../../include/PromotionStrapline.jspf"% -->
                                                </p></div>
                                            
                                                <div class="trolleySummary"><p class="saving">
                                                         <!-- %@ include file="../../include/PromotionStrapline.jspf"% -->
                                                </p></div>
                                            
                                                <div class="trolleySummary"><p class="saving">
                                                         <!-- %@ include file="../../include/PromotionStrapline.jspf"% -->
                                                </p></div>
                                            <!-- BEGIN CatalogEntryThumbnailDisplay.jsp -->
    <div class="product ">
        
        <div class="errorBanner hidden" id="error1434856"></div>
                        
        
        <div class="productInner">
            <div class="productInfoWrapper">
                <div class="productInfo">
                    
                            <h3>
                                <a href="https://www.sainsburys.co.uk/shop/gb/groceries/product/details/graze-marmite-crunch-28g">
                                    Graze Snack Box Marmite Crunch Mix 28g
                                    <img src="https://assets.sainsburys-groceries.co.uk/gol/8103909/image.jpg" alt="">
                                </a>
                            </h3>
                        
<div class="promotion">

                        <p>
                            <a strapline="Meal Deal for Â£5.00 | 8103909" href="https://www.sainsburys.co.uk/shop/PromotionDisplayView?listId=2&amp;catalogId=10241&amp;productId=1434856&amp;langId=44&amp;storeId=10151&amp;promotionId=10664136"><!-- BEGIN include/PromotionStrapline.jspf -->Meal Deal for Â£5.00<br>

<!-- FINISH include/PromotionStrapline.jspf -->
                            </a>
                        </p>
                    
                        <p>
                            <a strapline="Meal Deal for Â£3.75 | 8103909" href="https://www.sainsburys.co.uk/shop/PromotionDisplayView?listId=2&amp;catalogId=10241&amp;productId=1434856&amp;langId=44&amp;storeId=10151&amp;promotionId=10669742">PLUS <!-- BEGIN include/PromotionStrapline.jspf -->Meal Deal for Â£3.75<br>

<!-- FINISH include/PromotionStrapline.jspf -->
                            </a>
                        </p>
                                
</div>

                    <div class="ThumbnailRoundel">
                    <!--ThumbnailRoundel --> 
                    </div>
                    <div class="promoBages">
                        <!-- PROMOTION -->
                    </div>


                    <!-- Review --><!-- BEGIN CatalogEntryRatingsReviewsInfo.jspf --><!-- productAllowedRatingsAndReviews: true -->
<div class="reviews">

    <a class="numberOfReviews" href="https://www.sainsburys.co.uk/shop/gb/groceries/product/details/graze-marmite-crunch-28g">
        <img src="//www.sainsburys.co.uk/wcsstore7.137.2/SainsburysStorefrontAssetStore/img/stars/rating-4_4.gif" alt="4.4253" border="0">&nbsp; 
        Reviews (174)
    </a>

</div>
<!-- END CatalogEntryRatingsReviewsInfo.jspf -->
                </div>
                <!--ThumbnailRestriction -->
            </div>
            
            <div class="addToTrolleytabBox">
            <!-- addToTrolleytabBox LIST VIEW--><!-- Start UserSubscribedOrNot.jspf --><!-- Start UserSubscribedOrNot.jsp --><!-- 
    If the user is not logged in, render this opening 
    DIV adding an addtional class to fix the border top which is removed 
    and replaced by the tabs
-->
<div class="addToTrolleytabContainer addItemBorderTop">
<!-- End AddToSubscriptionList.jsp --><!-- End AddSubscriptionList.jspf --><!-- 
                    ATTENTION!!!
                    <div class="addToTrolleytabContainer">
                    This opening div is inside "../../ReusableObjects/UserSubscribedOrNot.jsp"
                    -->
                <div class="pricingAndTrolleyOptions">  
                    <div class="priceTab activeContainer priceTabContainer" id="addItem_1434857"> 
                        <div class="pricing">
                            
<p class="pricePerUnit">
Â£1.20 
</p>

<p class="pricePerMeasure">Â£4.29<abbr title="per">/</abbr>100<abbr title="gram"><span class="pricePerMeasureMeasure">g</span></abbr>
</p>

                                
                        </div>  
                          
                                    <div class="addToTrolleyForm ">   
                                        <!-- BEGIN AddToTrolley.jsp --><!-- fire an on add to bag here from  -->

<form class="addToTrolleyForm" name="OrderItemAddForm_1434856" action="OrderItemAdd" method="post" id="OrderItemAddForm_1434856">
    <input type="hidden" name="storeId" value="10151">
    <input type="hidden" name="langId" value="44">
    <input type="hidden" name="catalogId" value="10241">
    <input type="hidden" name="authToken" id="authToken1434856" value="-1002%2C3jIiHU%2F3lFc4jalpGDAhYOztAdQ%3D">
    
    
    <input type="hidden" name="errorViewName" value="PromotionDisplayView">
    <input type="hidden" name="SKU_ID" value="8103909">
    <input type="hidden" name="itemType" value="">
    <input type="hidden" name="parentSKU" value="">
    
    
       <input type="hidden" id="productCatentryId_1434857" value="1434856">
       <input type="hidden" id="catEntryId_1434856" value="1434857">
       <input type="hidden" name="ItemSKU_ID" value="8103909">
     
        
        <div class="quantity hidden" id="updateQtyPanelProduct_1434856" data-qty="">
            <ul>
                <li>
                    <a class="button decreaseQty " id="decreaseQty_1434856" href="#">-</a> 
                </li>
                <li>	
                    <label class="access" for="quantity_1434856">Quantity</label>						
                    <a href="#" class="button quantityPlp  " id="quantityUpdate_1434856">
                        </a>
                    <input name="quantity" id="quantity_1434856" type="hidden" size="3" value="" class="quantity">		        
                </li>
                <li>
                    
                    <a class="button increaseQty " id="increaseQty_1434856" href="#">+</a>
                </li>
            </ul>
        </div>				
            
        
            <input type="hidden" name="catEntryId" value="1434857">
        

        <input type="hidden" name="productId" value="1434856">
        

    <input type="hidden" name="URL" value="https://www.sainsburys.co.uk/webapp/wcs/stores/servlet/PromotionDisplayView?listId=2&amp;catalogId=10241&amp;productId=1117540&amp;langId=44&amp;storeId=10151&amp;promotionId=10669742">
    <input type="hidden" name="page" value="">
    <input type="hidden" name="contractId" value="">
    <input type="hidden" name="calculateOrder" value="1">
    <input type="hidden" name="calculationUsage" value="-1,-2,-3">
    <input type="hidden" name="updateable" value="1">
    <input type="hidden" name="merge" value="***">

                                  
            <input type="hidden" id="updateUrl_1434856" updateurlchild_1434857="AjaxOrderItemUpdate?calculateOrder=1&amp;itemType=&amp;ordItemUpdateFlag=0&amp;orderId=.&amp;updatePrices=1&amp;authToken=-1002%252C3jIiHU%252F3lFc4jalpGDAhYOztAdQ%253D&amp;calculationUsage=-1,-2,-3&amp;storeId=10151&amp;errorViewName=AjaxQuickCartDisplay&amp;URL=AjaxQuickCartDisplay&amp;catEntryId=1434857&amp;orderItemId_0=&amp;UOM_0=&amp;langId=44&amp;quantity_0=1">
            <input type="hidden" id="removeUrl_1434856" removeurlchild_1434857="AjaxOrderItemUpdate?calculateOrder=1&amp;itemType=&amp;productId=&amp;ordItemUpdateFlag=2&amp;orderId=.&amp;updatePrices=1&amp;authToken=-1002%252C3jIiHU%252F3lFc4jalpGDAhYOztAdQ%253D&amp;calculationUsage=-1,-2,-3&amp;storeId=10151&amp;errorViewName=AjaxQuickCartDisplay&amp;URL=AjaxQuickCartDisplay&amp;catEntryId=1434857&amp;productSKU=&amp;orderItemId_0=&amp;qtyDecremented=true&amp;langId=44&amp;quantity_0=0">           
         
       <input type="hidden" name="callAjax" value="false">
       
    
    <div class="add2Cart " id="addQtyPanelProduct_1434856">    
        
            <a class="button process addQty  " id="addQty_1434856" href="#">
                Add
            </a>

            <input type="hidden" name="Add" value="Add">
        
    </div>

</form>
<!-- END AddToTrolley.jsp -->
                                    </div>  
                                
                    </div><!-- END priceTabContainer Add container --><!-- Subscribe container --><!-- Start AddToSubscriptionList.jspf --><!-- Start AddToSubscriptionList.jsp --><!-- End AddToSubscriptionList.jsp --><!-- End AddToSubscriptionList.jspf --> 
                </div>  
            </div>  
        </div>
    </div>     
    </div> 
    <div id="additionalItems_1434857" class="additionalItems">
        <!-- BEGIN MerchandisingAssociationsDisplay.jsp --><!-- Start - JSP File Name:  MerchandisingAssociationsDisplay.jsp --><!-- END MerchandisingAssociationsDisplay.jsp -->  
    </div> 

<!-- END CatalogEntryThumbnailDisplay.jsp -->
                            </li>
                        
                            <li>
                                
                                                <div class="trolleySummary"><p class="saving">
                                                         <!-- %@ include file="../../include/PromotionStrapline.jspf"% -->
                                                </p></div>
                                            
                                                <div class="trolleySummary"><p class="saving">
                                                         <!-- %@ include file="../../include/PromotionStrapline.jspf"% -->
                                                </p></div>
                                            
                                                <div class="trolleySummary"><p class="saving">
                                                         <!-- %@ include file="../../include/PromotionStrapline.jspf"% -->
                                                </p></div>
                                            <!-- BEGIN CatalogEntryThumbnailDisplay.jsp -->
    <div class="product ">
        
        <div class="errorBanner hidden" id="error1508758"></div>
                        
        
        <div class="productInner">
            <div class="productInfoWrapper">
                <div class="productInfo">
                    
                            <h3>
                                <a href="https://www.sainsburys.co.uk/shop/gb/groceries/product/details/sainsburys-mini-pork-pies-x2-100g">
                                    Sainsbury's Mini Pork Pies x2 100g
                                    <img src="https://assets.sainsburys-groceries.co.uk/gol/8175171/image.jpg" alt="">
                                </a>
                            </h3>
                        
<div class="promotion">

                        <p>
                            <a strapline="Meal Deal for Â£5.00 | 8175171" href="https://www.sainsburys.co.uk/shop/PromotionDisplayView?listId=2&amp;catalogId=10241&amp;productId=1508758&amp;langId=44&amp;storeId=10151&amp;promotionId=10664136"><!-- BEGIN include/PromotionStrapline.jspf -->Meal Deal for Â£5.00<br>

<!-- FINISH include/PromotionStrapline.jspf -->
                            </a>
                        </p>
                    
                        <p>
                            <a strapline="Meal Deal for Â£3.75 | 8175171" href="https://www.sainsburys.co.uk/shop/PromotionDisplayView?listId=2&amp;catalogId=10241&amp;productId=1508758&amp;langId=44&amp;storeId=10151&amp;promotionId=10669742">PLUS <!-- BEGIN include/PromotionStrapline.jspf -->Meal Deal for Â£3.75<br>

<!-- FINISH include/PromotionStrapline.jspf -->
                            </a>
                        </p>
                                
</div>

                    <div class="ThumbnailRoundel">
                    <!--ThumbnailRoundel --> 
                    </div>
                    <div class="promoBages">
                        <!-- PROMOTION -->
                    </div>


                    <!-- Review --><!-- BEGIN CatalogEntryRatingsReviewsInfo.jspf --><!-- productAllowedRatingsAndReviews: true -->
<div class="reviews">

    <a class="numberOfReviews" href="https://www.sainsburys.co.uk/shop/gb/groceries/product/details/sainsburys-mini-pork-pies-x2-100g">
        <img src="//www.sainsburys.co.uk/wcsstore7.137.2/SainsburysStorefrontAssetStore/img/stars/rating-4_2.gif" alt="4.2308" border="0">&nbsp; 
        Reviews (13)
    </a>

</div>
<!-- END CatalogEntryRatingsReviewsInfo.jspf -->
                </div>
                <!--ThumbnailRestriction -->
            </div>
            
            <div class="addToTrolleytabBox">
            <!-- addToTrolleytabBox LIST VIEW--><!-- Start UserSubscribedOrNot.jspf --><!-- Start UserSubscribedOrNot.jsp --><!-- 
    If the user is not logged in, render this opening 
    DIV adding an addtional class to fix the border top which is removed 
    and replaced by the tabs
-->
<div class="addToTrolleytabContainer addItemBorderTop">
<!-- End AddToSubscriptionList.jsp --><!-- End AddSubscriptionList.jspf --><!-- 
                    ATTENTION!!!
                    <div class="addToTrolleytabContainer">
                    This opening div is inside "../../ReusableObjects/UserSubscribedOrNot.jsp"
                    -->
                <div class="pricingAndTrolleyOptions">  
                    <div class="priceTab activeContainer priceTabContainer" id="addItem_1508759"> 
                        <div class="pricing">
                            
<p class="pricePerUnit">
Â£1.30 
</p>

<p class="pricePerMeasure">Â£1.30<abbr title="per">/</abbr>100<abbr title="gram"><span class="pricePerMeasureMeasure">g</span></abbr>
</p>

                                
                        </div>  
                          
                                    <div class="addToTrolleyForm ">   
                                        <!-- BEGIN AddToTrolley.jsp --><!-- fire an on add to bag here from  -->

<form class="addToTrolleyForm" name="OrderItemAddForm_1508758" action="OrderItemAdd" method="post" id="OrderItemAddForm_1508758">
    <input type="hidden" name="storeId" value="10151">
    <input type="hidden" name="langId" value="44">
    <input type="hidden" name="catalogId" value="10241">
    <input type="hidden" name="authToken" id="authToken1508758" value="-1002%2C3jIiHU%2F3lFc4jalpGDAhYOztAdQ%3D">
    
    
    <input type="hidden" name="errorViewName" value="PromotionDisplayView">
    <input type="hidden" name="SKU_ID" value="8175171">
    <input type="hidden" name="itemType" value="">
    <input type="hidden" name="parentSKU" value="">
    
    
       <input type="hidden" id="productCatentryId_1508759" value="1508758">
       <input type="hidden" id="catEntryId_1508758" value="1508759">
       <input type="hidden" name="ItemSKU_ID" value="8175171">
     
        
        <div class="quantity hidden" id="updateQtyPanelProduct_1508758" data-qty="">
            <ul>
                <li>
                    <a class="button decreaseQty " id="decreaseQty_1508758" href="#">-</a> 
                </li>
                <li>	
                    <label class="access" for="quantity_1508758">Quantity</label>						
                    <a href="#" class="button quantityPlp  " id="quantityUpdate_1508758">
                        </a>
                    <input name="quantity" id="quantity_1508758" type="hidden" size="3" value="" class="quantity">		        
                </li>
                <li>
                    
                    <a class="button increaseQty " id="increaseQty_1508758" href="#">+</a>
                </li>
            </ul>
        </div>				
            
        
            <input type="hidden" name="catEntryId" value="1508759">
        

        <input type="hidden" name="productId" value="1508758">
        

    <input type="hidden" name="URL" value="https://www.sainsburys.co.uk/webapp/wcs/stores/servlet/PromotionDisplayView?listId=2&amp;catalogId=10241&amp;productId=1117540&amp;langId=44&amp;storeId=10151&amp;promotionId=10669742">
    <input type="hidden" name="page" value="">
    <input type="hidden" name="contractId" value="">
    <input type="hidden" name="calculateOrder" value="1">
    <input type="hidden" name="calculationUsage" value="-1,-2,-3">
    <input type="hidden" name="updateable" value="1">
    <input type="hidden" name="merge" value="***">

                                  
            <input type="hidden" id="updateUrl_1508758" updateurlchild_1508759="AjaxOrderItemUpdate?calculateOrder=1&amp;itemType=&amp;ordItemUpdateFlag=0&amp;orderId=.&amp;updatePrices=1&amp;authToken=-1002%252C3jIiHU%252F3lFc4jalpGDAhYOztAdQ%253D&amp;calculationUsage=-1,-2,-3&amp;storeId=10151&amp;errorViewName=AjaxQuickCartDisplay&amp;URL=AjaxQuickCartDisplay&amp;catEntryId=1508759&amp;orderItemId_0=&amp;UOM_0=&amp;langId=44&amp;quantity_0=1">
            <input type="hidden" id="removeUrl_1508758" removeurlchild_1508759="AjaxOrderItemUpdate?calculateOrder=1&amp;itemType=&amp;productId=&amp;ordItemUpdateFlag=2&amp;orderId=.&amp;updatePrices=1&amp;authToken=-1002%252C3jIiHU%252F3lFc4jalpGDAhYOztAdQ%253D&amp;calculationUsage=-1,-2,-3&amp;storeId=10151&amp;errorViewName=AjaxQuickCartDisplay&amp;URL=AjaxQuickCartDisplay&amp;catEntryId=1508759&amp;productSKU=&amp;orderItemId_0=&amp;qtyDecremented=true&amp;langId=44&amp;quantity_0=0">           
         
       <input type="hidden" name="callAjax" value="false">
       
    
    <div class="add2Cart " id="addQtyPanelProduct_1508758">    
        
            <a class="button process addQty  " id="addQty_1508758" href="#">
                Add
            </a>

            <input type="hidden" name="Add" value="Add">
        
    </div>

</form>
<!-- END AddToTrolley.jsp -->
                                    </div>  
                                
                    </div><!-- END priceTabContainer Add container --><!-- Subscribe container --><!-- Start AddToSubscriptionList.jspf --><!-- Start AddToSubscriptionList.jsp --><!-- End AddToSubscriptionList.jsp --><!-- End AddToSubscriptionList.jspf --> 
                </div>  
            </div>  
        </div>
    </div>     
    </div> 
    <div id="additionalItems_1508759" class="additionalItems">
        <!-- BEGIN MerchandisingAssociationsDisplay.jsp --><!-- Start - JSP File Name:  MerchandisingAssociationsDisplay.jsp --><!-- END MerchandisingAssociationsDisplay.jsp -->  
    </div> 

<!-- END CatalogEntryThumbnailDisplay.jsp -->
                            </li>
                        
                            <li>
                                
                                                <div class="trolleySummary"><p class="saving">
                                                         <!-- %@ include file="../../include/PromotionStrapline.jspf"% -->
                                                </p></div>
                                            
                                                <div class="trolleySummary"><p class="saving">
                                                         <!-- %@ include file="../../include/PromotionStrapline.jspf"% -->
                                                </p></div>
                                            
                                                <div class="trolleySummary"><p class="saving">
                                                         <!-- %@ include file="../../include/PromotionStrapline.jspf"% -->
                                                </p></div>
                                            <!-- BEGIN CatalogEntryThumbnailDisplay.jsp -->
    <div class="product ">
        
        <div class="errorBanner hidden" id="error1123414"></div>
                        
        
        <div class="productInner">
            <div class="productInfoWrapper">
                <div class="productInfo">
                    
                            <h3>
                                <a href="https://www.sainsburys.co.uk/shop/gb/groceries/product/details/yorkie-duo-chocolate-bar-72g">
                                    Yorkie Duo Chocolate Bar 72g
                                    <img src="https://assets.sainsburys-groceries.co.uk/gol/7855012/image.jpg" alt="">
                                </a>
                            </h3>
                        
<div class="promotion">

                        <p>
                            <a strapline="Meal Deal for Â£5.00 | 7855012" href="https://www.sainsburys.co.uk/shop/PromotionDisplayView?listId=2&amp;catalogId=10241&amp;productId=1123414&amp;langId=44&amp;storeId=10151&amp;promotionId=10664136"><!-- BEGIN include/PromotionStrapline.jspf -->Meal Deal for Â£5.00<br>

<!-- FINISH include/PromotionStrapline.jspf -->
                            </a>
                        </p>
                    
                        <p>
                            <a strapline="Meal Deal for Â£3.75 | 7855012" href="https://www.sainsburys.co.uk/shop/PromotionDisplayView?listId=2&amp;catalogId=10241&amp;productId=1123414&amp;langId=44&amp;storeId=10151&amp;promotionId=10669742">PLUS <!-- BEGIN include/PromotionStrapline.jspf -->Meal Deal for Â£3.75<br>

<!-- FINISH include/PromotionStrapline.jspf -->
                            </a>
                        </p>
                                
</div>

                    <div class="ThumbnailRoundel">
                    <!--ThumbnailRoundel --> 
                    </div>
                    <div class="promoBages">
                        <!-- PROMOTION -->
                    </div>


                    <!-- Review --><!-- BEGIN CatalogEntryRatingsReviewsInfo.jspf --><!-- productAllowedRatingsAndReviews: true -->
<div class="reviews">

    <a class="numberOfReviews" href="https://www.sainsburys.co.uk/shop/gb/groceries/product/details/yorkie-duo-chocolate-bar-72g">
        <img src="//www.sainsburys.co.uk/wcsstore7.137.2/SainsburysStorefrontAssetStore/img/stars/rating-4_9.gif" alt="4.9231" border="0">&nbsp; 
        Reviews (13)
    </a>

</div>
<!-- END CatalogEntryRatingsReviewsInfo.jspf -->
                </div>
                <!--ThumbnailRestriction -->
            </div>
            
            <div class="addToTrolleytabBox">
            <!-- addToTrolleytabBox LIST VIEW--><!-- Start UserSubscribedOrNot.jspf --><!-- Start UserSubscribedOrNot.jsp --><!-- 
    If the user is not logged in, render this opening 
    DIV adding an addtional class to fix the border top which is removed 
    and replaced by the tabs
-->
<div class="addToTrolleytabContainer addItemBorderTop">
<!-- End AddToSubscriptionList.jsp --><!-- End AddSubscriptionList.jspf --><!-- 
                    ATTENTION!!!
                    <div class="addToTrolleytabContainer">
                    This opening div is inside "../../ReusableObjects/UserSubscribedOrNot.jsp"
                    -->
                <div class="pricingAndTrolleyOptions">  
                    <div class="priceTab activeContainer priceTabContainer" id="addItem_1123415"> 
                        <div class="pricing">
                            
<p class="pricePerUnit">
Â£1.15 
</p>

<p class="pricePerMeasure">Â£1.60<abbr title="per">/</abbr>100<abbr title="gram"><span class="pricePerMeasureMeasure">g</span></abbr>
</p>

                                
                        </div>  
                          
                                    <div class="addToTrolleyForm ">   
                                        <!-- BEGIN AddToTrolley.jsp --><!-- fire an on add to bag here from  -->

<form class="addToTrolleyForm" name="OrderItemAddForm_1123414" action="OrderItemAdd" method="post" id="OrderItemAddForm_1123414">
    <input type="hidden" name="storeId" value="10151">
    <input type="hidden" name="langId" value="44">
    <input type="hidden" name="catalogId" value="10241">
    <input type="hidden" name="authToken" id="authToken1123414" value="-1002%2C3jIiHU%2F3lFc4jalpGDAhYOztAdQ%3D">
    
    
    <input type="hidden" name="errorViewName" value="PromotionDisplayView">
    <input type="hidden" name="SKU_ID" value="7855012">
    <input type="hidden" name="itemType" value="">
    <input type="hidden" name="parentSKU" value="">
    
    
       <input type="hidden" id="productCatentryId_1123415" value="1123414">
       <input type="hidden" id="catEntryId_1123414" value="1123415">
       <input type="hidden" name="ItemSKU_ID" value="7855012">
     
        
        <div class="quantity hidden" id="updateQtyPanelProduct_1123414" data-qty="">
            <ul>
                <li>
                    <a class="button decreaseQty " id="decreaseQty_1123414" href="#">-</a> 
                </li>
                <li>	
                    <label class="access" for="quantity_1123414">Quantity</label>						
                    <a href="#" class="button quantityPlp  " id="quantityUpdate_1123414">
                        </a>
                    <input name="quantity" id="quantity_1123414" type="hidden" size="3" value="" class="quantity">		        
                </li>
                <li>
                    
                    <a class="button increaseQty " id="increaseQty_1123414" href="#">+</a>
                </li>
            </ul>
        </div>				
            
        
            <input type="hidden" name="catEntryId" value="1123415">
        

        <input type="hidden" name="productId" value="1123414">
        

    <input type="hidden" name="URL" value="https://www.sainsburys.co.uk/webapp/wcs/stores/servlet/PromotionDisplayView?listId=2&amp;catalogId=10241&amp;productId=1117540&amp;langId=44&amp;storeId=10151&amp;promotionId=10669742">
    <input type="hidden" name="page" value="">
    <input type="hidden" name="contractId" value="">
    <input type="hidden" name="calculateOrder" value="1">
    <input type="hidden" name="calculationUsage" value="-1,-2,-3">
    <input type="hidden" name="updateable" value="1">
    <input type="hidden" name="merge" value="***">

                                  
            <input type="hidden" id="updateUrl_1123414" updateurlchild_1123415="AjaxOrderItemUpdate?calculateOrder=1&amp;itemType=&amp;ordItemUpdateFlag=0&amp;orderId=.&amp;updatePrices=1&amp;authToken=-1002%252C3jIiHU%252F3lFc4jalpGDAhYOztAdQ%253D&amp;calculationUsage=-1,-2,-3&amp;storeId=10151&amp;errorViewName=AjaxQuickCartDisplay&amp;URL=AjaxQuickCartDisplay&amp;catEntryId=1123415&amp;orderItemId_0=&amp;UOM_0=&amp;langId=44&amp;quantity_0=1">
            <input type="hidden" id="removeUrl_1123414" removeurlchild_1123415="AjaxOrderItemUpdate?calculateOrder=1&amp;itemType=&amp;productId=&amp;ordItemUpdateFlag=2&amp;orderId=.&amp;updatePrices=1&amp;authToken=-1002%252C3jIiHU%252F3lFc4jalpGDAhYOztAdQ%253D&amp;calculationUsage=-1,-2,-3&amp;storeId=10151&amp;errorViewName=AjaxQuickCartDisplay&amp;URL=AjaxQuickCartDisplay&amp;catEntryId=1123415&amp;productSKU=&amp;orderItemId_0=&amp;qtyDecremented=true&amp;langId=44&amp;quantity_0=0">           
         
       <input type="hidden" name="callAjax" value="false">
       
    
    <div class="add2Cart " id="addQtyPanelProduct_1123414">    
        
            <a class="button process addQty  " id="addQty_1123414" href="#">
                Add
            </a>

            <input type="hidden" name="Add" value="Add">
        
    </div>

</form>
<!-- END AddToTrolley.jsp -->
                                    </div>  
                                
                    </div><!-- END priceTabContainer Add container --><!-- Subscribe container --><!-- Start AddToSubscriptionList.jspf --><!-- Start AddToSubscriptionList.jsp --><!-- End AddToSubscriptionList.jsp --><!-- End AddToSubscriptionList.jspf --> 
                </div>  
            </div>  
        </div>
    </div>     
    </div> 
    <div id="additionalItems_1123415" class="additionalItems">
        <!-- BEGIN MerchandisingAssociationsDisplay.jsp --><!-- Start - JSP File Name:  MerchandisingAssociationsDisplay.jsp --><!-- END MerchandisingAssociationsDisplay.jsp -->  
    </div> 

<!-- END CatalogEntryThumbnailDisplay.jsp -->
                            </li>
                        
                            <li>
                                
                                                <div class="trolleySummary"><p class="saving">
                                                         <!-- %@ include file="../../include/PromotionStrapline.jspf"% -->
                                                </p></div>
                                            
                                                <div class="trolleySummary"><p class="saving">
                                                         <!-- %@ include file="../../include/PromotionStrapline.jspf"% -->
                                                </p></div>
                                            
                                                <div class="trolleySummary"><p class="saving">
                                                         <!-- %@ include file="../../include/PromotionStrapline.jspf"% -->
                                                </p></div>
                                            <!-- BEGIN CatalogEntryThumbnailDisplay.jsp -->
    <div class="product ">
        
        <div class="errorBanner hidden" id="error1151372"></div>
                        
        
        <div class="productInner">
            <div class="productInfoWrapper">
                <div class="productInfo">
                    
                            <h3>
                                <a href="https://www.sainsburys.co.uk/shop/gb/groceries/product/details/love-corn-sea-salt-crunchy-corn-45g">
                                    Love Corn Sea Salt Delicious Crunchy Corn 45g
                                    <img src="https://assets.sainsburys-groceries.co.uk/gol/7878358/image.jpg" alt="">
                                </a>
                            </h3>
                        
<div class="promotion">

                        <p>
                            <a strapline="Meal Deal for Â£5.00 | 7878358" href="https://www.sainsburys.co.uk/shop/PromotionDisplayView?listId=2&amp;catalogId=10241&amp;productId=1151372&amp;langId=44&amp;storeId=10151&amp;promotionId=10664136"><!-- BEGIN include/PromotionStrapline.jspf -->Meal Deal for Â£5.00<br>

<!-- FINISH include/PromotionStrapline.jspf -->
                            </a>
                        </p>
                    
                        <p>
                            <a strapline="Meal Deal for Â£3.75 | 7878358" href="https://www.sainsburys.co.uk/shop/PromotionDisplayView?listId=2&amp;catalogId=10241&amp;productId=1151372&amp;langId=44&amp;storeId=10151&amp;promotionId=10669742">PLUS <!-- BEGIN include/PromotionStrapline.jspf -->Meal Deal for Â£3.75<br>

<!-- FINISH include/PromotionStrapline.jspf -->
                            </a>
                        </p>
                                
</div>

                    <div class="ThumbnailRoundel">
                    <!--ThumbnailRoundel --> 
                    </div>
                    <div class="promoBages">
                        <!-- PROMOTION -->
                    </div>


                    <!-- Review --><!-- BEGIN CatalogEntryRatingsReviewsInfo.jspf --><!-- productAllowedRatingsAndReviews: true -->
<div class="reviews">

    <a class="numberOfReviews" href="https://www.sainsburys.co.uk/shop/gb/groceries/product/details/love-corn-sea-salt-crunchy-corn-45g">
        <img src="//www.sainsburys.co.uk/wcsstore7.137.2/SainsburysStorefrontAssetStore/img/stars/rating-4_6.gif" alt="4.6102" border="0">&nbsp; 
        Reviews (59)
    </a>

</div>
<!-- END CatalogEntryRatingsReviewsInfo.jspf -->
                </div>
                <!--ThumbnailRestriction -->
            </div>
            
            <div class="addToTrolleytabBox">
            <!-- addToTrolleytabBox LIST VIEW--><!-- Start UserSubscribedOrNot.jspf --><!-- Start UserSubscribedOrNot.jsp --><!-- 
    If the user is not logged in, render this opening 
    DIV adding an addtional class to fix the border top which is removed 
    and replaced by the tabs
-->
<div class="addToTrolleytabContainer addItemBorderTop">
<!-- End AddToSubscriptionList.jsp --><!-- End AddSubscriptionList.jspf --><!-- 
                    ATTENTION!!!
                    <div class="addToTrolleytabContainer">
                    This opening div is inside "../../ReusableObjects/UserSubscribedOrNot.jsp"
                    -->
                <div class="pricingAndTrolleyOptions">  
                    <div class="priceTab activeContainer priceTabContainer" id="addItem_1151373"> 
                        <div class="pricing">
                            
<p class="pricePerUnit">
Â£1.10 
</p>

<p class="pricePerMeasure">Â£2.44<abbr title="per">/</abbr>100<abbr title="gram"><span class="pricePerMeasureMeasure">g</span></abbr>
</p>

                                
                        </div>  
                          
                                    <div class="addToTrolleyForm ">   
                                        <!-- BEGIN AddToTrolley.jsp --><!-- fire an on add to bag here from  -->

<form class="addToTrolleyForm" name="OrderItemAddForm_1151372" action="OrderItemAdd" method="post" id="OrderItemAddForm_1151372">
    <input type="hidden" name="storeId" value="10151">
    <input type="hidden" name="langId" value="44">
    <input type="hidden" name="catalogId" value="10241">
    <input type="hidden" name="authToken" id="authToken1151372" value="-1002%2C3jIiHU%2F3lFc4jalpGDAhYOztAdQ%3D">
    
    
    <input type="hidden" name="errorViewName" value="PromotionDisplayView">
    <input type="hidden" name="SKU_ID" value="7878358">
    <input type="hidden" name="itemType" value="">
    <input type="hidden" name="parentSKU" value="">
    
    
       <input type="hidden" id="productCatentryId_1151373" value="1151372">
       <input type="hidden" id="catEntryId_1151372" value="1151373">
       <input type="hidden" name="ItemSKU_ID" value="7878358">
     
        
        <div class="quantity hidden" id="updateQtyPanelProduct_1151372" data-qty="">
            <ul>
                <li>
                    <a class="button decreaseQty " id="decreaseQty_1151372" href="#">-</a> 
                </li>
                <li>	
                    <label class="access" for="quantity_1151372">Quantity</label>						
                    <a href="#" class="button quantityPlp  " id="quantityUpdate_1151372">
                        </a>
                    <input name="quantity" id="quantity_1151372" type="hidden" size="3" value="" class="quantity">		        
                </li>
                <li>
                    
                    <a class="button increaseQty " id="increaseQty_1151372" href="#">+</a>
                </li>
            </ul>
        </div>				
            
        
            <input type="hidden" name="catEntryId" value="1151373">
        

        <input type="hidden" name="productId" value="1151372">
        

    <input type="hidden" name="URL" value="https://www.sainsburys.co.uk/webapp/wcs/stores/servlet/PromotionDisplayView?listId=2&amp;catalogId=10241&amp;productId=1117540&amp;langId=44&amp;storeId=10151&amp;promotionId=10669742">
    <input type="hidden" name="page" value="">
    <input type="hidden" name="contractId" value="">
    <input type="hidden" name="calculateOrder" value="1">
    <input type="hidden" name="calculationUsage" value="-1,-2,-3">
    <input type="hidden" name="updateable" value="1">
    <input type="hidden" name="merge" value="***">

                                  
            <input type="hidden" id="updateUrl_1151372" updateurlchild_1151373="AjaxOrderItemUpdate?calculateOrder=1&amp;itemType=&amp;ordItemUpdateFlag=0&amp;orderId=.&amp;updatePrices=1&amp;authToken=-1002%252C3jIiHU%252F3lFc4jalpGDAhYOztAdQ%253D&amp;calculationUsage=-1,-2,-3&amp;storeId=10151&amp;errorViewName=AjaxQuickCartDisplay&amp;URL=AjaxQuickCartDisplay&amp;catEntryId=1151373&amp;orderItemId_0=&amp;UOM_0=&amp;langId=44&amp;quantity_0=1">
            <input type="hidden" id="removeUrl_1151372" removeurlchild_1151373="AjaxOrderItemUpdate?calculateOrder=1&amp;itemType=&amp;productId=&amp;ordItemUpdateFlag=2&amp;orderId=.&amp;updatePrices=1&amp;authToken=-1002%252C3jIiHU%252F3lFc4jalpGDAhYOztAdQ%253D&amp;calculationUsage=-1,-2,-3&amp;storeId=10151&amp;errorViewName=AjaxQuickCartDisplay&amp;URL=AjaxQuickCartDisplay&amp;catEntryId=1151373&amp;productSKU=&amp;orderItemId_0=&amp;qtyDecremented=true&amp;langId=44&amp;quantity_0=0">           
         
       <input type="hidden" name="callAjax" value="false">
       
    
    <div class="add2Cart " id="addQtyPanelProduct_1151372">    
        
            <a class="button process addQty  " id="addQty_1151372" href="#">
                Add
            </a>

            <input type="hidden" name="Add" value="Add">
        
    </div>

</form>
<!-- END AddToTrolley.jsp -->
                                    </div>  
                                
                    </div><!-- END priceTabContainer Add container --><!-- Subscribe container --><!-- Start AddToSubscriptionList.jspf --><!-- Start AddToSubscriptionList.jsp --><!-- End AddToSubscriptionList.jsp --><!-- End AddToSubscriptionList.jspf --> 
                </div>  
            </div>  
        </div>
    </div>     
    </div> 
    <div id="additionalItems_1151373" class="additionalItems">
        <!-- BEGIN MerchandisingAssociationsDisplay.jsp --><!-- Start - JSP File Name:  MerchandisingAssociationsDisplay.jsp --><!-- END MerchandisingAssociationsDisplay.jsp -->  
    </div> 

<!-- END CatalogEntryThumbnailDisplay.jsp -->
                            </li>
                        
                            <li>
                                
                                                <div class="trolleySummary"><p class="saving">
                                                         <!-- %@ include file="../../include/PromotionStrapline.jspf"% -->
                                                </p></div>
                                            
                                                <div class="trolleySummary"><p class="saving">
                                                         <!-- %@ include file="../../include/PromotionStrapline.jspf"% -->
                                                </p></div>
                                            
                                                <div class="trolleySummary"><p class="saving">
                                                         <!-- %@ include file="../../include/PromotionStrapline.jspf"% -->
                                                </p></div>
                                            <!-- BEGIN CatalogEntryThumbnailDisplay.jsp -->
    <div class="product ">
        
        <div class="errorBanner hidden" id="error1420696"></div>
                        
        
        <div class="productInner">
            <div class="productInfoWrapper">
                <div class="productInfo">
                    
                            <h3>
                                <a href="https://www.sainsburys.co.uk/shop/gb/groceries/product/details/kitkat-chunky-duo-64g">
                                    Kit Kat Chunky Duo Milk Chocolate Chocolate Bar 64g
                                    <img src="https://assets.sainsburys-groceries.co.uk/gol/8087406/image.jpg" alt="">
                                </a>
                            </h3>
                        
<div class="promotion">

                        <p>
                            <a strapline="Meal Deal for Â£5.00 | 8087406" href="https://www.sainsburys.co.uk/shop/PromotionDisplayView?listId=2&amp;catalogId=10241&amp;productId=1420696&amp;langId=44&amp;storeId=10151&amp;promotionId=10664136"><!-- BEGIN include/PromotionStrapline.jspf -->Meal Deal for Â£5.00<br>

<!-- FINISH include/PromotionStrapline.jspf -->
                            </a>
                        </p>
                    
                        <p>
                            <a strapline="Meal Deal for Â£3.75 | 8087406" href="https://www.sainsburys.co.uk/shop/PromotionDisplayView?listId=2&amp;catalogId=10241&amp;productId=1420696&amp;langId=44&amp;storeId=10151&amp;promotionId=10669742">PLUS <!-- BEGIN include/PromotionStrapline.jspf -->Meal Deal for Â£3.75<br>

<!-- FINISH include/PromotionStrapline.jspf -->
                            </a>
                        </p>
                                
</div>

                    <div class="ThumbnailRoundel">
                    <!--ThumbnailRoundel --> 
                    </div>
                    <div class="promoBages">
                        <!-- PROMOTION -->
                    </div>


                    <!-- Review --><!-- BEGIN CatalogEntryRatingsReviewsInfo.jspf --><!-- productAllowedRatingsAndReviews: true -->
<div class="reviews">

    <a class="numberOfReviews" href="https://www.sainsburys.co.uk/shop/gb/groceries/product/details/kitkat-chunky-duo-64g">
        <img src="//www.sainsburys.co.uk/wcsstore7.137.2/SainsburysStorefrontAssetStore/img/stars/rating-4_8.gif" alt="4.7692" border="0">&nbsp; 
        Reviews (13)
    </a>

</div>
<!-- END CatalogEntryRatingsReviewsInfo.jspf -->
                </div>
                <!--ThumbnailRestriction -->
            </div>
            
            <div class="addToTrolleytabBox">
            <!-- addToTrolleytabBox LIST VIEW--><!-- Start UserSubscribedOrNot.jspf --><!-- Start UserSubscribedOrNot.jsp --><!-- 
    If the user is not logged in, render this opening 
    DIV adding an addtional class to fix the border top which is removed 
    and replaced by the tabs
-->
<div class="addToTrolleytabContainer addItemBorderTop">
<!-- End AddToSubscriptionList.jsp --><!-- End AddSubscriptionList.jspf --><!-- 
                    ATTENTION!!!
                    <div class="addToTrolleytabContainer">
                    This opening div is inside "../../ReusableObjects/UserSubscribedOrNot.jsp"
                    -->
                <div class="pricingAndTrolleyOptions">  
                    <div class="priceTab activeContainer priceTabContainer" id="addItem_1420697"> 
                        <div class="pricing">
                            
<p class="pricePerUnit">
Â£1.15 
</p>

<p class="pricePerMeasure">Â£1.80<abbr title="per">/</abbr>100<abbr title="gram"><span class="pricePerMeasureMeasure">g</span></abbr>
</p>

                                
                        </div>  
                          
                                    <div class="addToTrolleyForm ">   
                                        <!-- BEGIN AddToTrolley.jsp --><!-- fire an on add to bag here from  -->

<form class="addToTrolleyForm" name="OrderItemAddForm_1420696" action="OrderItemAdd" method="post" id="OrderItemAddForm_1420696">
    <input type="hidden" name="storeId" value="10151">
    <input type="hidden" name="langId" value="44">
    <input type="hidden" name="catalogId" value="10241">
    <input type="hidden" name="authToken" id="authToken1420696" value="-1002%2C3jIiHU%2F3lFc4jalpGDAhYOztAdQ%3D">
    
    
    <input type="hidden" name="errorViewName" value="PromotionDisplayView">
    <input type="hidden" name="SKU_ID" value="8087406">
    <input type="hidden" name="itemType" value="">
    <input type="hidden" name="parentSKU" value="">
    
    
       <input type="hidden" id="productCatentryId_1420697" value="1420696">
       <input type="hidden" id="catEntryId_1420696" value="1420697">
       <input type="hidden" name="ItemSKU_ID" value="8087406">
     
        
        <div class="quantity hidden" id="updateQtyPanelProduct_1420696" data-qty="">
            <ul>
                <li>
                    <a class="button decreaseQty " id="decreaseQty_1420696" href="#">-</a> 
                </li>
                <li>	
                    <label class="access" for="quantity_1420696">Quantity</label>						
                    <a href="#" class="button quantityPlp  " id="quantityUpdate_1420696">
                        </a>
                    <input name="quantity" id="quantity_1420696" type="hidden" size="3" value="" class="quantity">		        
                </li>
                <li>
                    
                    <a class="button increaseQty " id="increaseQty_1420696" href="#">+</a>
                </li>
            </ul>
        </div>				
            
        
            <input type="hidden" name="catEntryId" value="1420697">
        

        <input type="hidden" name="productId" value="1420696">
        

    <input type="hidden" name="URL" value="https://www.sainsburys.co.uk/webapp/wcs/stores/servlet/PromotionDisplayView?listId=2&amp;catalogId=10241&amp;productId=1117540&amp;langId=44&amp;storeId=10151&amp;promotionId=10669742">
    <input type="hidden" name="page" value="">
    <input type="hidden" name="contractId" value="">
    <input type="hidden" name="calculateOrder" value="1">
    <input type="hidden" name="calculationUsage" value="-1,-2,-3">
    <input type="hidden" name="updateable" value="1">
    <input type="hidden" name="merge" value="***">

                                  
            <input type="hidden" id="updateUrl_1420696" updateurlchild_1420697="AjaxOrderItemUpdate?calculateOrder=1&amp;itemType=&amp;ordItemUpdateFlag=0&amp;orderId=.&amp;updatePrices=1&amp;authToken=-1002%252C3jIiHU%252F3lFc4jalpGDAhYOztAdQ%253D&amp;calculationUsage=-1,-2,-3&amp;storeId=10151&amp;errorViewName=AjaxQuickCartDisplay&amp;URL=AjaxQuickCartDisplay&amp;catEntryId=1420697&amp;orderItemId_0=&amp;UOM_0=&amp;langId=44&amp;quantity_0=1">
            <input type="hidden" id="removeUrl_1420696" removeurlchild_1420697="AjaxOrderItemUpdate?calculateOrder=1&amp;itemType=&amp;productId=&amp;ordItemUpdateFlag=2&amp;orderId=.&amp;updatePrices=1&amp;authToken=-1002%252C3jIiHU%252F3lFc4jalpGDAhYOztAdQ%253D&amp;calculationUsage=-1,-2,-3&amp;storeId=10151&amp;errorViewName=AjaxQuickCartDisplay&amp;URL=AjaxQuickCartDisplay&amp;catEntryId=1420697&amp;productSKU=&amp;orderItemId_0=&amp;qtyDecremented=true&amp;langId=44&amp;quantity_0=0">           
         
       <input type="hidden" name="callAjax" value="false">
       
    
    <div class="add2Cart " id="addQtyPanelProduct_1420696">    
        
            <a class="button process addQty  " id="addQty_1420696" href="#">
                Add
            </a>

            <input type="hidden" name="Add" value="Add">
        
    </div>

</form>
<!-- END AddToTrolley.jsp -->
                                    </div>  
                                
                    </div><!-- END priceTabContainer Add container --><!-- Subscribe container --><!-- Start AddToSubscriptionList.jspf --><!-- Start AddToSubscriptionList.jsp --><!-- End AddToSubscriptionList.jsp --><!-- End AddToSubscriptionList.jspf --> 
                </div>  
            </div>  
        </div>
    </div>     
    </div> 
    <div id="additionalItems_1420697" class="additionalItems">
        <!-- BEGIN MerchandisingAssociationsDisplay.jsp --><!-- Start - JSP File Name:  MerchandisingAssociationsDisplay.jsp --><!-- END MerchandisingAssociationsDisplay.jsp -->  
    </div> 

<!-- END CatalogEntryThumbnailDisplay.jsp -->
                            </li>
                        
                            <li>
                                
                                                <div class="trolleySummary"><p class="saving">
                                                         <!-- %@ include file="../../include/PromotionStrapline.jspf"% -->
                                                </p></div>
                                            
                                                <div class="trolleySummary"><p class="saving">
                                                         <!-- %@ include file="../../include/PromotionStrapline.jspf"% -->
                                                </p></div>
                                            
                                                <div class="trolleySummary"><p class="saving">
                                                         <!-- %@ include file="../../include/PromotionStrapline.jspf"% -->
                                                </p></div>
                                            <!-- BEGIN CatalogEntryThumbnailDisplay.jsp -->
    <div class="product ">
        
        <div class="errorBanner hidden" id="error1455706"></div>
                        
        
        <div class="productInner">
            <div class="productInfoWrapper">
                <div class="productInfo">
                    
                            <h3>
                                <a href="https://www.sainsburys.co.uk/shop/gb/groceries/product/details/mcvities-jaffa-cake-jonuts-biscuits-single-serve-pack">
                                    McVitie's Jaffa Cake Jonuts Biscuits Single Serve Pack
                                    <img src="https://assets.sainsburys-groceries.co.uk/gol/8123825/image.jpg" alt="">
                                </a>
                            </h3>
                        
<div class="promotion">

                        <p>
                            <a strapline="Meal Deal for Â£5.00 | 8123825" href="https://www.sainsburys.co.uk/shop/PromotionDisplayView?listId=2&amp;catalogId=10241&amp;productId=1455706&amp;langId=44&amp;storeId=10151&amp;promotionId=10664136"><!-- BEGIN include/PromotionStrapline.jspf -->Meal Deal for Â£5.00<br>

<!-- FINISH include/PromotionStrapline.jspf -->
                            </a>
                        </p>
                    
                        <p>
                            <a strapline="Meal Deal for Â£3.75 | 8123825" href="https://www.sainsburys.co.uk/shop/PromotionDisplayView?listId=2&amp;catalogId=10241&amp;productId=1455706&amp;langId=44&amp;storeId=10151&amp;promotionId=10669742">PLUS <!-- BEGIN include/PromotionStrapline.jspf -->Meal Deal for Â£3.75<br>

<!-- FINISH include/PromotionStrapline.jspf -->
                            </a>
                        </p>
                                
</div>

                    <div class="ThumbnailRoundel">
                    <!--ThumbnailRoundel --> 
                    </div>
                    <div class="promoBages">
                        <!-- PROMOTION -->
                    </div>


                    <!-- Review --><!-- BEGIN CatalogEntryRatingsReviewsInfo.jspf --><!-- productAllowedRatingsAndReviews: true -->
<div class="reviews">

    <a class="numberOfReviews" href="https://www.sainsburys.co.uk/shop/gb/groceries/product/details/mcvities-jaffa-cake-jonuts-biscuits-single-serve-pack">
        <img src="//www.sainsburys.co.uk/wcsstore7.137.2/SainsburysStorefrontAssetStore/img/stars/rating-4_4.gif" alt="4.3515" border="0">&nbsp; 
        Reviews (165)
    </a>

</div>
<!-- END CatalogEntryRatingsReviewsInfo.jspf -->
                </div>
                <!--ThumbnailRestriction -->
            </div>
            
            <div class="addToTrolleytabBox">
            <!-- addToTrolleytabBox LIST VIEW--><!-- Start UserSubscribedOrNot.jspf --><!-- Start UserSubscribedOrNot.jsp --><!-- 
    If the user is not logged in, render this opening 
    DIV adding an addtional class to fix the border top which is removed 
    and replaced by the tabs
-->
<div class="addToTrolleytabContainer addItemBorderTop">
<!-- End AddToSubscriptionList.jsp --><!-- End AddSubscriptionList.jspf --><!-- 
                    ATTENTION!!!
                    <div class="addToTrolleytabContainer">
                    This opening div is inside "../../ReusableObjects/UserSubscribedOrNot.jsp"
                    -->
                <div class="pricingAndTrolleyOptions">  
                    <div class="priceTab activeContainer priceTabContainer" id="addItem_1455707"> 
                        <div class="pricing">
                            
<p class="pricePerUnit">
85p 
</p>

<p class="pricePerMeasure">Â£1.98<abbr title="per">/</abbr>100<abbr title="gram"><span class="pricePerMeasureMeasure">g</span></abbr>
</p>

                                
                        </div>  
                          
                                    <div class="addToTrolleyForm ">   
                                        <!-- BEGIN AddToTrolley.jsp --><!-- fire an on add to bag here from  -->

<form class="addToTrolleyForm" name="OrderItemAddForm_1455706" action="OrderItemAdd" method="post" id="OrderItemAddForm_1455706">
    <input type="hidden" name="storeId" value="10151">
    <input type="hidden" name="langId" value="44">
    <input type="hidden" name="catalogId" value="10241">
    <input type="hidden" name="authToken" id="authToken1455706" value="-1002%2C3jIiHU%2F3lFc4jalpGDAhYOztAdQ%3D">
    
    
    <input type="hidden" name="errorViewName" value="PromotionDisplayView">
    <input type="hidden" name="SKU_ID" value="8123825">
    <input type="hidden" name="itemType" value="">
    <input type="hidden" name="parentSKU" value="">
    
    
       <input type="hidden" id="productCatentryId_1455707" value="1455706">
       <input type="hidden" id="catEntryId_1455706" value="1455707">
       <input type="hidden" name="ItemSKU_ID" value="8123825">
     
        
        <div class="quantity hidden" id="updateQtyPanelProduct_1455706" data-qty="">
            <ul>
                <li>
                    <a class="button decreaseQty " id="decreaseQty_1455706" href="#">-</a> 
                </li>
                <li>	
                    <label class="access" for="quantity_1455706">Quantity</label>						
                    <a href="#" class="button quantityPlp  " id="quantityUpdate_1455706">
                        </a>
                    <input name="quantity" id="quantity_1455706" type="hidden" size="3" value="" class="quantity">		        
                </li>
                <li>
                    
                    <a class="button increaseQty " id="increaseQty_1455706" href="#">+</a>
                </li>
            </ul>
        </div>				
            
        
            <input type="hidden" name="catEntryId" value="1455707">
        

        <input type="hidden" name="productId" value="1455706">
        

    <input type="hidden" name="URL" value="https://www.sainsburys.co.uk/webapp/wcs/stores/servlet/PromotionDisplayView?listId=2&amp;catalogId=10241&amp;productId=1117540&amp;langId=44&amp;storeId=10151&amp;promotionId=10669742">
    <input type="hidden" name="page" value="">
    <input type="hidden" name="contractId" value="">
    <input type="hidden" name="calculateOrder" value="1">
    <input type="hidden" name="calculationUsage" value="-1,-2,-3">
    <input type="hidden" name="updateable" value="1">
    <input type="hidden" name="merge" value="***">

                                  
            <input type="hidden" id="updateUrl_1455706" updateurlchild_1455707="AjaxOrderItemUpdate?calculateOrder=1&amp;itemType=&amp;ordItemUpdateFlag=0&amp;orderId=.&amp;updatePrices=1&amp;authToken=-1002%252C3jIiHU%252F3lFc4jalpGDAhYOztAdQ%253D&amp;calculationUsage=-1,-2,-3&amp;storeId=10151&amp;errorViewName=AjaxQuickCartDisplay&amp;URL=AjaxQuickCartDisplay&amp;catEntryId=1455707&amp;orderItemId_0=&amp;UOM_0=&amp;langId=44&amp;quantity_0=1">
            <input type="hidden" id="removeUrl_1455706" removeurlchild_1455707="AjaxOrderItemUpdate?calculateOrder=1&amp;itemType=&amp;productId=&amp;ordItemUpdateFlag=2&amp;orderId=.&amp;updatePrices=1&amp;authToken=-1002%252C3jIiHU%252F3lFc4jalpGDAhYOztAdQ%253D&amp;calculationUsage=-1,-2,-3&amp;storeId=10151&amp;errorViewName=AjaxQuickCartDisplay&amp;URL=AjaxQuickCartDisplay&amp;catEntryId=1455707&amp;productSKU=&amp;orderItemId_0=&amp;qtyDecremented=true&amp;langId=44&amp;quantity_0=0">           
         
       <input type="hidden" name="callAjax" value="false">
       
    
    <div class="add2Cart " id="addQtyPanelProduct_1455706">    
        
            <a class="button process addQty  " id="addQty_1455706" href="#">
                Add
            </a>

            <input type="hidden" name="Add" value="Add">
        
    </div>

</form>
<!-- END AddToTrolley.jsp -->
                                    </div>  
                                
                    </div><!-- END priceTabContainer Add container --><!-- Subscribe container --><!-- Start AddToSubscriptionList.jspf --><!-- Start AddToSubscriptionList.jsp --><!-- End AddToSubscriptionList.jsp --><!-- End AddToSubscriptionList.jspf --> 
                </div>  
            </div>  
        </div>
    </div>     
    </div> 
    <div id="additionalItems_1455707" class="additionalItems">
        <!-- BEGIN MerchandisingAssociationsDisplay.jsp --><!-- Start - JSP File Name:  MerchandisingAssociationsDisplay.jsp --><!-- END MerchandisingAssociationsDisplay.jsp -->  
    </div> 

<!-- END CatalogEntryThumbnailDisplay.jsp -->
                            </li>
                        
                            <li>
                                
                                                <div class="trolleySummary"><p class="saving">
                                                         <!-- %@ include file="../../include/PromotionStrapline.jspf"% -->
                                                </p></div>
                                            
                                                <div class="trolleySummary"><p class="saving">
                                                         <!-- %@ include file="../../include/PromotionStrapline.jspf"% -->
                                                </p></div>
                                            
                                                <div class="trolleySummary"><p class="saving">
                                                         <!-- %@ include file="../../include/PromotionStrapline.jspf"% -->
                                                </p></div>
                                            <!-- BEGIN CatalogEntryThumbnailDisplay.jsp -->
    <div class="product ">
        
        <div class="errorBanner hidden" id="error1247080"></div>
                        
        
        <div class="productInner">
            <div class="productInfoWrapper">
                <div class="productInfo">
                    
                            <h3>
                                <a href="https://www.sainsburys.co.uk/shop/gb/groceries/product/details/yorkie-raisin-biscuit-chocolate-duo-bar-66g">
                                    Yorkie Raisin &amp; Biscuit Chocolate Duo Bar 66g
                                    <img src="https://assets.sainsburys-groceries.co.uk/gol/7855016/image.jpg" alt="">
                                </a>
                            </h3>
                        
<div class="promotion">

                        <p>
                            <a strapline="Meal Deal for Â£5.00 | 7855016" href="https://www.sainsburys.co.uk/shop/PromotionDisplayView?listId=2&amp;catalogId=10241&amp;productId=1247080&amp;langId=44&amp;storeId=10151&amp;promotionId=10664136"><!-- BEGIN include/PromotionStrapline.jspf -->Meal Deal for Â£5.00<br>

<!-- FINISH include/PromotionStrapline.jspf -->
                            </a>
                        </p>
                    
                        <p>
                            <a strapline="Meal Deal for Â£3.75 | 7855016" href="https://www.sainsburys.co.uk/shop/PromotionDisplayView?listId=2&amp;catalogId=10241&amp;productId=1247080&amp;langId=44&amp;storeId=10151&amp;promotionId=10669742">PLUS <!-- BEGIN include/PromotionStrapline.jspf -->Meal Deal for Â£3.75<br>

<!-- FINISH include/PromotionStrapline.jspf -->
                            </a>
                        </p>
                                
</div>

                    <div class="ThumbnailRoundel">
                    <!--ThumbnailRoundel --> 
                    </div>
                    <div class="promoBages">
                        <!-- PROMOTION -->
                    </div>


                    <!-- Review --><!-- BEGIN CatalogEntryRatingsReviewsInfo.jspf --><!-- productAllowedRatingsAndReviews: true -->
<div class="reviews">

    <a class="numberOfReviews" href="https://www.sainsburys.co.uk/shop/gb/groceries/product/details/yorkie-raisin-biscuit-chocolate-duo-bar-66g">
        <img src="//www.sainsburys.co.uk/wcsstore7.137.2/SainsburysStorefrontAssetStore/img/stars/rating-4_9.gif" alt="4.9167" border="0">&nbsp; 
        Reviews (12)
    </a>

</div>
<!-- END CatalogEntryRatingsReviewsInfo.jspf -->
                </div>
                <!--ThumbnailRestriction -->
            </div>
            
            <div class="addToTrolleytabBox">
            <!-- addToTrolleytabBox LIST VIEW--><!-- Start UserSubscribedOrNot.jspf --><!-- Start UserSubscribedOrNot.jsp --><!-- 
    If the user is not logged in, render this opening 
    DIV adding an addtional class to fix the border top which is removed 
    and replaced by the tabs
-->
<div class="addToTrolleytabContainer addItemBorderTop">
<!-- End AddToSubscriptionList.jsp --><!-- End AddSubscriptionList.jspf --><!-- 
                    ATTENTION!!!
                    <div class="addToTrolleytabContainer">
                    This opening div is inside "../../ReusableObjects/UserSubscribedOrNot.jsp"
                    -->
                <div class="pricingAndTrolleyOptions">  
                    <div class="priceTab activeContainer priceTabContainer" id="addItem_1247081"> 
                        <div class="pricing">
                            
<p class="pricePerUnit">
Â£1.15 
</p>

<p class="pricePerMeasure">Â£1.74<abbr title="per">/</abbr>100<abbr title="gram"><span class="pricePerMeasureMeasure">g</span></abbr>
</p>

                                
                        </div>  
                          
                                    <div class="addToTrolleyForm ">   
                                        <!-- BEGIN AddToTrolley.jsp --><!-- fire an on add to bag here from  -->

<form class="addToTrolleyForm" name="OrderItemAddForm_1247080" action="OrderItemAdd" method="post" id="OrderItemAddForm_1247080">
    <input type="hidden" name="storeId" value="10151">
    <input type="hidden" name="langId" value="44">
    <input type="hidden" name="catalogId" value="10241">
    <input type="hidden" name="authToken" id="authToken1247080" value="-1002%2C3jIiHU%2F3lFc4jalpGDAhYOztAdQ%3D">
    
    
    <input type="hidden" name="errorViewName" value="PromotionDisplayView">
    <input type="hidden" name="SKU_ID" value="7855016">
    <input type="hidden" name="itemType" value="">
    <input type="hidden" name="parentSKU" value="">
    
    
       <input type="hidden" id="productCatentryId_1247081" value="1247080">
       <input type="hidden" id="catEntryId_1247080" value="1247081">
       <input type="hidden" name="ItemSKU_ID" value="7855016">
     
        
        <div class="quantity hidden" id="updateQtyPanelProduct_1247080" data-qty="">
            <ul>
                <li>
                    <a class="button decreaseQty " id="decreaseQty_1247080" href="#">-</a> 
                </li>
                <li>	
                    <label class="access" for="quantity_1247080">Quantity</label>						
                    <a href="#" class="button quantityPlp  " id="quantityUpdate_1247080">
                        </a>
                    <input name="quantity" id="quantity_1247080" type="hidden" size="3" value="" class="quantity">		        
                </li>
                <li>
                    
                    <a class="button increaseQty " id="increaseQty_1247080" href="#">+</a>
                </li>
            </ul>
        </div>				
            
        
            <input type="hidden" name="catEntryId" value="1247081">
        

        <input type="hidden" name="productId" value="1247080">
        

    <input type="hidden" name="URL" value="https://www.sainsburys.co.uk/webapp/wcs/stores/servlet/PromotionDisplayView?listId=2&amp;catalogId=10241&amp;productId=1117540&amp;langId=44&amp;storeId=10151&amp;promotionId=10669742">
    <input type="hidden" name="page" value="">
    <input type="hidden" name="contractId" value="">
    <input type="hidden" name="calculateOrder" value="1">
    <input type="hidden" name="calculationUsage" value="-1,-2,-3">
    <input type="hidden" name="updateable" value="1">
    <input type="hidden" name="merge" value="***">

                                  
            <input type="hidden" id="updateUrl_1247080" updateurlchild_1247081="AjaxOrderItemUpdate?calculateOrder=1&amp;itemType=&amp;ordItemUpdateFlag=0&amp;orderId=.&amp;updatePrices=1&amp;authToken=-1002%252C3jIiHU%252F3lFc4jalpGDAhYOztAdQ%253D&amp;calculationUsage=-1,-2,-3&amp;storeId=10151&amp;errorViewName=AjaxQuickCartDisplay&amp;URL=AjaxQuickCartDisplay&amp;catEntryId=1247081&amp;orderItemId_0=&amp;UOM_0=&amp;langId=44&amp;quantity_0=1">
            <input type="hidden" id="removeUrl_1247080" removeurlchild_1247081="AjaxOrderItemUpdate?calculateOrder=1&amp;itemType=&amp;productId=&amp;ordItemUpdateFlag=2&amp;orderId=.&amp;updatePrices=1&amp;authToken=-1002%252C3jIiHU%252F3lFc4jalpGDAhYOztAdQ%253D&amp;calculationUsage=-1,-2,-3&amp;storeId=10151&amp;errorViewName=AjaxQuickCartDisplay&amp;URL=AjaxQuickCartDisplay&amp;catEntryId=1247081&amp;productSKU=&amp;orderItemId_0=&amp;qtyDecremented=true&amp;langId=44&amp;quantity_0=0">           
         
       <input type="hidden" name="callAjax" value="false">
       
    
    <div class="add2Cart " id="addQtyPanelProduct_1247080">    
        
            <a class="button process addQty  " id="addQty_1247080" href="#">
                Add
            </a>

            <input type="hidden" name="Add" value="Add">
        
    </div>

</form>
<!-- END AddToTrolley.jsp -->
                                    </div>  
                                
                    </div><!-- END priceTabContainer Add container --><!-- Subscribe container --><!-- Start AddToSubscriptionList.jspf --><!-- Start AddToSubscriptionList.jsp --><!-- End AddToSubscriptionList.jsp --><!-- End AddToSubscriptionList.jspf --> 
                </div>  
            </div>  
        </div>
    </div>     
    </div> 
    <div id="additionalItems_1247081" class="additionalItems">
        <!-- BEGIN MerchandisingAssociationsDisplay.jsp --><!-- Start - JSP File Name:  MerchandisingAssociationsDisplay.jsp --><!-- END MerchandisingAssociationsDisplay.jsp -->  
    </div> 

<!-- END CatalogEntryThumbnailDisplay.jsp -->
                            </li>
                        
                            <li>
                                
                                                <div class="trolleySummary"><p class="saving">
                                                         <!-- %@ include file="../../include/PromotionStrapline.jspf"% -->
                                                </p></div>
                                            
                                                <div class="trolleySummary"><p class="saving">
                                                         <!-- %@ include file="../../include/PromotionStrapline.jspf"% -->
                                                </p></div>
                                            
                                                <div class="trolleySummary"><p class="saving">
                                                         <!-- %@ include file="../../include/PromotionStrapline.jspf"% -->
                                                </p></div>
                                            <!-- BEGIN CatalogEntryThumbnailDisplay.jsp -->
    <div class="product ">
        
        <div class="errorBanner hidden" id="error18370"></div>
                        
        
        <div class="productInner">
            <div class="productInfoWrapper">
                <div class="productInfo">
                    
                            <h3>
                                <a href="https://www.sainsburys.co.uk/shop/gb/groceries/product/details/kelloggs-nutrigrain-morning-bars-strawberry-x1-37g">
                                    Kellogg's Nutri-Grain Morning Bar Strawberry 37g
                                    <img src="https://assets.sainsburys-groceries.co.uk/gol/2963792/image.jpg" alt="">
                                </a>
                            </h3>
                        
<div class="promotion">

                        <p>
                            <a strapline="Meal Deal for Â£5.00 | 2963792" href="https://www.sainsburys.co.uk/shop/PromotionDisplayView?listId=2&amp;catalogId=10241&amp;productId=18370&amp;langId=44&amp;storeId=10151&amp;promotionId=10664136"><!-- BEGIN include/PromotionStrapline.jspf -->Meal Deal for Â£5.00<br>

<!-- FINISH include/PromotionStrapline.jspf -->
                            </a>
                        </p>
                    
                        <p>
                            <a strapline="Meal Deal for Â£3.75 | 2963792" href="https://www.sainsburys.co.uk/shop/PromotionDisplayView?listId=2&amp;catalogId=10241&amp;productId=18370&amp;langId=44&amp;storeId=10151&amp;promotionId=10669742">PLUS <!-- BEGIN include/PromotionStrapline.jspf -->Meal Deal for Â£3.75<br>

<!-- FINISH include/PromotionStrapline.jspf -->
                            </a>
                        </p>
                                
</div>

                    <div class="ThumbnailRoundel">
                    <!--ThumbnailRoundel --> 
                    </div>
                    <div class="promoBages">
                        <!-- PROMOTION -->
                    </div>


                    <!-- Review --><!-- BEGIN CatalogEntryRatingsReviewsInfo.jspf --><!-- productAllowedRatingsAndReviews: true -->
<div class="reviews">

    <a class="numberOfReviews" href="https://www.sainsburys.co.uk/shop/gb/groceries/product/details/kelloggs-nutrigrain-morning-bars-strawberry-x1-37g">
        <img src="//www.sainsburys.co.uk/wcsstore7.137.2/SainsburysStorefrontAssetStore/img/stars/rating-5_0.gif" alt="5.0" border="0">&nbsp; 
        Reviews (1)
    </a>

</div>
<!-- END CatalogEntryRatingsReviewsInfo.jspf -->
                </div>
                <!--ThumbnailRestriction -->
            </div>
            
            <div class="addToTrolleytabBox">
            <!-- addToTrolleytabBox LIST VIEW--><!-- Start UserSubscribedOrNot.jspf --><!-- Start UserSubscribedOrNot.jsp --><!-- 
    If the user is not logged in, render this opening 
    DIV adding an addtional class to fix the border top which is removed 
    and replaced by the tabs
-->
<div class="addToTrolleytabContainer addItemBorderTop">
<!-- End AddToSubscriptionList.jsp --><!-- End AddSubscriptionList.jspf --><!-- 
                    ATTENTION!!!
                    <div class="addToTrolleytabContainer">
                    This opening div is inside "../../ReusableObjects/UserSubscribedOrNot.jsp"
                    -->
                <div class="pricingAndTrolleyOptions">  
                    <div class="priceTab activeContainer priceTabContainer" id="addItem_18371"> 
                        <div class="pricing">
                            
<p class="pricePerUnit">
85p 
</p>

<p class="pricePerMeasure">Â£2.30<abbr title="per">/</abbr>100<abbr title="gram"><span class="pricePerMeasureMeasure">g</span></abbr>
</p>

                                
                        </div>  
                          
                                    <div class="addToTrolleyForm ">   
                                        <!-- BEGIN AddToTrolley.jsp --><!-- fire an on add to bag here from  -->

<form class="addToTrolleyForm" name="OrderItemAddForm_18370" action="OrderItemAdd" method="post" id="OrderItemAddForm_18370">
    <input type="hidden" name="storeId" value="10151">
    <input type="hidden" name="langId" value="44">
    <input type="hidden" name="catalogId" value="10241">
    <input type="hidden" name="authToken" id="authToken18370" value="-1002%2C3jIiHU%2F3lFc4jalpGDAhYOztAdQ%3D">
    
    
    <input type="hidden" name="errorViewName" value="PromotionDisplayView">
    <input type="hidden" name="SKU_ID" value="2963792">
    <input type="hidden" name="itemType" value="">
    <input type="hidden" name="parentSKU" value="">
    
    
       <input type="hidden" id="productCatentryId_18371" value="18370">
       <input type="hidden" id="catEntryId_18370" value="18371">
       <input type="hidden" name="ItemSKU_ID" value="2963792">
     
        
        <div class="quantity hidden" id="updateQtyPanelProduct_18370" data-qty="">
            <ul>
                <li>
                    <a class="button decreaseQty " id="decreaseQty_18370" href="#">-</a> 
                </li>
                <li>	
                    <label class="access" for="quantity_18370">Quantity</label>						
                    <a href="#" class="button quantityPlp  " id="quantityUpdate_18370">
                        </a>
                    <input name="quantity" id="quantity_18370" type="hidden" size="3" value="" class="quantity">		        
                </li>
                <li>
                    
                    <a class="button increaseQty " id="increaseQty_18370" href="#">+</a>
                </li>
            </ul>
        </div>				
            
        
            <input type="hidden" name="catEntryId" value="18371">
        

        <input type="hidden" name="productId" value="18370">
        

    <input type="hidden" name="URL" value="https://www.sainsburys.co.uk/webapp/wcs/stores/servlet/PromotionDisplayView?listId=2&amp;catalogId=10241&amp;productId=1117540&amp;langId=44&amp;storeId=10151&amp;promotionId=10669742">
    <input type="hidden" name="page" value="">
    <input type="hidden" name="contractId" value="">
    <input type="hidden" name="calculateOrder" value="1">
    <input type="hidden" name="calculationUsage" value="-1,-2,-3">
    <input type="hidden" name="updateable" value="1">
    <input type="hidden" name="merge" value="***">

                                  
            <input type="hidden" id="updateUrl_18370" updateurlchild_18371="AjaxOrderItemUpdate?calculateOrder=1&amp;itemType=&amp;ordItemUpdateFlag=0&amp;orderId=.&amp;updatePrices=1&amp;authToken=-1002%252C3jIiHU%252F3lFc4jalpGDAhYOztAdQ%253D&amp;calculationUsage=-1,-2,-3&amp;storeId=10151&amp;errorViewName=AjaxQuickCartDisplay&amp;URL=AjaxQuickCartDisplay&amp;catEntryId=18371&amp;orderItemId_0=&amp;UOM_0=&amp;langId=44&amp;quantity_0=1">
            <input type="hidden" id="removeUrl_18370" removeurlchild_18371="AjaxOrderItemUpdate?calculateOrder=1&amp;itemType=&amp;productId=&amp;ordItemUpdateFlag=2&amp;orderId=.&amp;updatePrices=1&amp;authToken=-1002%252C3jIiHU%252F3lFc4jalpGDAhYOztAdQ%253D&amp;calculationUsage=-1,-2,-3&amp;storeId=10151&amp;errorViewName=AjaxQuickCartDisplay&amp;URL=AjaxQuickCartDisplay&amp;catEntryId=18371&amp;productSKU=&amp;orderItemId_0=&amp;qtyDecremented=true&amp;langId=44&amp;quantity_0=0">           
         
       <input type="hidden" name="callAjax" value="false">
       
    
    <div class="add2Cart " id="addQtyPanelProduct_18370">    
        
            <a class="button process addQty  " id="addQty_18370" href="#">
                Add
            </a>

            <input type="hidden" name="Add" value="Add">
        
    </div>

</form>
<!-- END AddToTrolley.jsp -->
                                    </div>  
                                
                    </div><!-- END priceTabContainer Add container --><!-- Subscribe container --><!-- Start AddToSubscriptionList.jspf --><!-- Start AddToSubscriptionList.jsp --><!-- End AddToSubscriptionList.jsp --><!-- End AddToSubscriptionList.jspf --> 
                </div>  
            </div>  
        </div>
    </div>     
    </div> 
    <div id="additionalItems_18371" class="additionalItems">
        <!-- BEGIN MerchandisingAssociationsDisplay.jsp --><!-- Start - JSP File Name:  MerchandisingAssociationsDisplay.jsp --><!-- END MerchandisingAssociationsDisplay.jsp -->  
    </div> 

<!-- END CatalogEntryThumbnailDisplay.jsp -->
                            </li>
                        
                            <li>
                                
                                                <div class="trolleySummary"><p class="saving">
                                                         <!-- %@ include file="../../include/PromotionStrapline.jspf"% -->
                                                </p></div>
                                            
                                                <div class="trolleySummary"><p class="saving">
                                                         <!-- %@ include file="../../include/PromotionStrapline.jspf"% -->
                                                </p></div>
                                            
                                                <div class="trolleySummary"><p class="saving">
                                                         <!-- %@ include file="../../include/PromotionStrapline.jspf"% -->
                                                </p></div>
                                            <!-- BEGIN CatalogEntryThumbnailDisplay.jsp -->
    <div class="product ">
        
        <div class="errorBanner hidden" id="error1196376"></div>
                        
        
        <div class="productInner">
            <div class="productInfoWrapper">
                <div class="productInfo">
                    
                            <h3>
                                <a href="https://www.sainsburys.co.uk/shop/gb/groceries/product/details/nature-valley-protein-bar-peanut-chocolate-40g">
                                    Nature Valley Protein Peanut &amp; Chocolate Cereal Bars 40g
                                    <img src="https://assets.sainsburys-groceries.co.uk/gol/7902626/image.jpg" alt="">
                                </a>
                            </h3>
                        
<div class="promotion">

                        <p>
                            <a strapline="Meal Deal for Â£5.00 | 7902626" href="https://www.sainsburys.co.uk/shop/PromotionDisplayView?listId=2&amp;catalogId=10241&amp;productId=1196376&amp;langId=44&amp;storeId=10151&amp;promotionId=10664136"><!-- BEGIN include/PromotionStrapline.jspf -->Meal Deal for Â£5.00<br>

<!-- FINISH include/PromotionStrapline.jspf -->
                            </a>
                        </p>
                    
                        <p>
                            <a strapline="Meal Deal for Â£3.75 | 7902626" href="https://www.sainsburys.co.uk/shop/PromotionDisplayView?listId=2&amp;catalogId=10241&amp;productId=1196376&amp;langId=44&amp;storeId=10151&amp;promotionId=10669742">PLUS <!-- BEGIN include/PromotionStrapline.jspf -->Meal Deal for Â£3.75<br>

<!-- FINISH include/PromotionStrapline.jspf -->
                            </a>
                        </p>
                                
</div>

                    <div class="ThumbnailRoundel">
                    <!--ThumbnailRoundel --> 
                    </div>
                    <div class="promoBages">
                        <!-- PROMOTION -->
                    </div>


                    <!-- Review --><!-- BEGIN CatalogEntryRatingsReviewsInfo.jspf --><!-- productAllowedRatingsAndReviews: true -->
<div class="reviews">

    <a class="numberOfReviews" href="https://www.sainsburys.co.uk/shop/gb/groceries/product/details/nature-valley-protein-bar-peanut-chocolate-40g">
        <img src="//www.sainsburys.co.uk/wcsstore7.137.2/SainsburysStorefrontAssetStore/img/stars/rating-4_6.gif" alt="4.5918" border="0">&nbsp; 
        Reviews (49)
    </a>

</div>
<!-- END CatalogEntryRatingsReviewsInfo.jspf -->
                </div>
                <!--ThumbnailRestriction -->
            </div>
            
            <div class="addToTrolleytabBox">
            <!-- addToTrolleytabBox LIST VIEW--><!-- Start UserSubscribedOrNot.jspf --><!-- Start UserSubscribedOrNot.jsp --><!-- 
    If the user is not logged in, render this opening 
    DIV adding an addtional class to fix the border top which is removed 
    and replaced by the tabs
-->
<div class="addToTrolleytabContainer addItemBorderTop">
<!-- End AddToSubscriptionList.jsp --><!-- End AddSubscriptionList.jspf --><!-- 
                    ATTENTION!!!
                    <div class="addToTrolleytabContainer">
                    This opening div is inside "../../ReusableObjects/UserSubscribedOrNot.jsp"
                    -->
                <div class="pricingAndTrolleyOptions">  
                    <div class="priceTab activeContainer priceTabContainer" id="addItem_1196377"> 
                        <div class="pricing">
                            
<p class="pricePerUnit">
Â£1.10 
</p>

<p class="pricePerMeasure">Â£2.75<abbr title="per">/</abbr>100<abbr title="gram"><span class="pricePerMeasureMeasure">g</span></abbr>
</p>

                                
                        </div>  
                          
                                    <div class="addToTrolleyForm ">   
                                        <!-- BEGIN AddToTrolley.jsp --><!-- fire an on add to bag here from  -->

<form class="addToTrolleyForm" name="OrderItemAddForm_1196376" action="OrderItemAdd" method="post" id="OrderItemAddForm_1196376">
    <input type="hidden" name="storeId" value="10151">
    <input type="hidden" name="langId" value="44">
    <input type="hidden" name="catalogId" value="10241">
    <input type="hidden" name="authToken" id="authToken1196376" value="-1002%2C3jIiHU%2F3lFc4jalpGDAhYOztAdQ%3D">
    
    
    <input type="hidden" name="errorViewName" value="PromotionDisplayView">
    <input type="hidden" name="SKU_ID" value="7902626">
    <input type="hidden" name="itemType" value="">
    <input type="hidden" name="parentSKU" value="">
    
    
       <input type="hidden" id="productCatentryId_1196377" value="1196376">
       <input type="hidden" id="catEntryId_1196376" value="1196377">
       <input type="hidden" name="ItemSKU_ID" value="7902626">
     
        
        <div class="quantity hidden" id="updateQtyPanelProduct_1196376" data-qty="">
            <ul>
                <li>
                    <a class="button decreaseQty " id="decreaseQty_1196376" href="#">-</a> 
                </li>
                <li>	
                    <label class="access" for="quantity_1196376">Quantity</label>						
                    <a href="#" class="button quantityPlp  " id="quantityUpdate_1196376">
                        </a>
                    <input name="quantity" id="quantity_1196376" type="hidden" size="3" value="" class="quantity">		        
                </li>
                <li>
                    
                    <a class="button increaseQty " id="increaseQty_1196376" href="#">+</a>
                </li>
            </ul>
        </div>				
            
        
            <input type="hidden" name="catEntryId" value="1196377">
        

        <input type="hidden" name="productId" value="1196376">
        

    <input type="hidden" name="URL" value="https://www.sainsburys.co.uk/webapp/wcs/stores/servlet/PromotionDisplayView?listId=2&amp;catalogId=10241&amp;productId=1117540&amp;langId=44&amp;storeId=10151&amp;promotionId=10669742">
    <input type="hidden" name="page" value="">
    <input type="hidden" name="contractId" value="">
    <input type="hidden" name="calculateOrder" value="1">
    <input type="hidden" name="calculationUsage" value="-1,-2,-3">
    <input type="hidden" name="updateable" value="1">
    <input type="hidden" name="merge" value="***">

                                  
            <input type="hidden" id="updateUrl_1196376" updateurlchild_1196377="AjaxOrderItemUpdate?calculateOrder=1&amp;itemType=&amp;ordItemUpdateFlag=0&amp;orderId=.&amp;updatePrices=1&amp;authToken=-1002%252C3jIiHU%252F3lFc4jalpGDAhYOztAdQ%253D&amp;calculationUsage=-1,-2,-3&amp;storeId=10151&amp;errorViewName=AjaxQuickCartDisplay&amp;URL=AjaxQuickCartDisplay&amp;catEntryId=1196377&amp;orderItemId_0=&amp;UOM_0=&amp;langId=44&amp;quantity_0=1">
            <input type="hidden" id="removeUrl_1196376" removeurlchild_1196377="AjaxOrderItemUpdate?calculateOrder=1&amp;itemType=&amp;productId=&amp;ordItemUpdateFlag=2&amp;orderId=.&amp;updatePrices=1&amp;authToken=-1002%252C3jIiHU%252F3lFc4jalpGDAhYOztAdQ%253D&amp;calculationUsage=-1,-2,-3&amp;storeId=10151&amp;errorViewName=AjaxQuickCartDisplay&amp;URL=AjaxQuickCartDisplay&amp;catEntryId=1196377&amp;productSKU=&amp;orderItemId_0=&amp;qtyDecremented=true&amp;langId=44&amp;quantity_0=0">           
         
       <input type="hidden" name="callAjax" value="false">
       
    
    <div class="add2Cart " id="addQtyPanelProduct_1196376">    
        
            <a class="button process addQty  " id="addQty_1196376" href="#">
                Add
            </a>

            <input type="hidden" name="Add" value="Add">
        
    </div>

</form>
<!-- END AddToTrolley.jsp -->
                                    </div>  
                                
                    </div><!-- END priceTabContainer Add container --><!-- Subscribe container --><!-- Start AddToSubscriptionList.jspf --><!-- Start AddToSubscriptionList.jsp --><!-- End AddToSubscriptionList.jsp --><!-- End AddToSubscriptionList.jspf --> 
                </div>  
            </div>  
        </div>
    </div>     
    </div> 
    <div id="additionalItems_1196377" class="additionalItems">
        <!-- BEGIN MerchandisingAssociationsDisplay.jsp --><!-- Start - JSP File Name:  MerchandisingAssociationsDisplay.jsp --><!-- END MerchandisingAssociationsDisplay.jsp -->  
    </div> 

<!-- END CatalogEntryThumbnailDisplay.jsp -->
                            </li>
                        
                            <li>
                                
                                                <div class="trolleySummary"><p class="saving">
                                                         <!-- %@ include file="../../include/PromotionStrapline.jspf"% -->
                                                </p></div>
                                            
                                                <div class="trolleySummary"><p class="saving">
                                                         <!-- %@ include file="../../include/PromotionStrapline.jspf"% -->
                                                </p></div>
                                            
                                                <div class="trolleySummary"><p class="saving">
                                                         <!-- %@ include file="../../include/PromotionStrapline.jspf"% -->
                                                </p></div>
                                            <!-- BEGIN CatalogEntryThumbnailDisplay.jsp -->
    <div class="product ">
        
        <div class="errorBanner hidden" id="error1209476"></div>
                        
        
        <div class="productInner">
            <div class="productInfoWrapper">
                <div class="productInfo">
                    
                            <h3>
                                <a href="https://www.sainsburys.co.uk/shop/gb/groceries/product/details/cadbury-mini-milk-chocolate-rolls-x2">
                                    Cadbury Mini Rolls Milk Chocolate On The Go x2
                                    <img src="https://assets.sainsburys-groceries.co.uk/gol/7800552/image.jpg" alt="">
                                </a>
                            </h3>
                        
<div class="promotion">

                        <p>
                            <a strapline="Meal Deal for Â£5.00 | 7800552" href="https://www.sainsburys.co.uk/shop/PromotionDisplayView?listId=2&amp;catalogId=10241&amp;productId=1209476&amp;langId=44&amp;storeId=10151&amp;promotionId=10664136"><!-- BEGIN include/PromotionStrapline.jspf -->Meal Deal for Â£5.00<br>

<!-- FINISH include/PromotionStrapline.jspf -->
                            </a>
                        </p>
                    
                        <p>
                            <a strapline="Meal Deal for Â£3.75 | 7800552" href="https://www.sainsburys.co.uk/shop/PromotionDisplayView?listId=2&amp;catalogId=10241&amp;productId=1209476&amp;langId=44&amp;storeId=10151&amp;promotionId=10669742">PLUS <!-- BEGIN include/PromotionStrapline.jspf -->Meal Deal for Â£3.75<br>

<!-- FINISH include/PromotionStrapline.jspf -->
                            </a>
                        </p>
                                
</div>

                    <div class="ThumbnailRoundel">
                    <!--ThumbnailRoundel --> 
                    </div>
                    <div class="promoBages">
                        <!-- PROMOTION -->
                    </div>


                    <!-- Review --><!-- BEGIN CatalogEntryRatingsReviewsInfo.jspf --><!-- productAllowedRatingsAndReviews: true -->
<div class="reviews">

    <a class="numberOfReviews" href="https://www.sainsburys.co.uk/shop/gb/groceries/product/details/cadbury-mini-milk-chocolate-rolls-x2">
        <img src="//www.sainsburys.co.uk/wcsstore7.137.2/SainsburysStorefrontAssetStore/img/stars/rating-4_8.gif" alt="4.8261" border="0">&nbsp; 
        Reviews (23)
    </a>

</div>
<!-- END CatalogEntryRatingsReviewsInfo.jspf -->
                </div>
                <!--ThumbnailRestriction -->
            </div>
            
            <div class="addToTrolleytabBox">
            <!-- addToTrolleytabBox LIST VIEW--><!-- Start UserSubscribedOrNot.jspf --><!-- Start UserSubscribedOrNot.jsp --><!-- 
    If the user is not logged in, render this opening 
    DIV adding an addtional class to fix the border top which is removed 
    and replaced by the tabs
-->
<div class="addToTrolleytabContainer addItemBorderTop">
<!-- End AddToSubscriptionList.jsp --><!-- End AddSubscriptionList.jspf --><!-- 
                    ATTENTION!!!
                    <div class="addToTrolleytabContainer">
                    This opening div is inside "../../ReusableObjects/UserSubscribedOrNot.jsp"
                    -->
                <div class="pricingAndTrolleyOptions">  
                    <div class="priceTab activeContainer priceTabContainer" id="addItem_1209477"> 
                        <div class="pricing">
                            
<p class="pricePerUnit">
Â£1.10 
</p>

<p class="pricePerMeasure">55p<abbr title="per">/</abbr><abbr title="each"><span class="pricePerMeasureMeasure">ea</span></abbr>
</p>

                                
                        </div>  
                          
                                    <div class="addToTrolleyForm ">   
                                        <!-- BEGIN AddToTrolley.jsp --><!-- fire an on add to bag here from  -->

<form class="addToTrolleyForm" name="OrderItemAddForm_1209476" action="OrderItemAdd" method="post" id="OrderItemAddForm_1209476">
    <input type="hidden" name="storeId" value="10151">
    <input type="hidden" name="langId" value="44">
    <input type="hidden" name="catalogId" value="10241">
    <input type="hidden" name="authToken" id="authToken1209476" value="-1002%2C3jIiHU%2F3lFc4jalpGDAhYOztAdQ%3D">
    
    
    <input type="hidden" name="errorViewName" value="PromotionDisplayView">
    <input type="hidden" name="SKU_ID" value="7800552">
    <input type="hidden" name="itemType" value="">
    <input type="hidden" name="parentSKU" value="">
    
    
       <input type="hidden" id="productCatentryId_1209477" value="1209476">
       <input type="hidden" id="catEntryId_1209476" value="1209477">
       <input type="hidden" name="ItemSKU_ID" value="7800552">
     
        
        <div class="quantity hidden" id="updateQtyPanelProduct_1209476" data-qty="">
            <ul>
                <li>
                    <a class="button decreaseQty " id="decreaseQty_1209476" href="#">-</a> 
                </li>
                <li>	
                    <label class="access" for="quantity_1209476">Quantity</label>						
                    <a href="#" class="button quantityPlp  " id="quantityUpdate_1209476">
                        </a>
                    <input name="quantity" id="quantity_1209476" type="hidden" size="3" value="" class="quantity">		        
                </li>
                <li>
                    
                    <a class="button increaseQty " id="increaseQty_1209476" href="#">+</a>
                </li>
            </ul>
        </div>				
            
        
            <input type="hidden" name="catEntryId" value="1209477">
        

        <input type="hidden" name="productId" value="1209476">
        

    <input type="hidden" name="URL" value="https://www.sainsburys.co.uk/webapp/wcs/stores/servlet/PromotionDisplayView?listId=2&amp;catalogId=10241&amp;productId=1117540&amp;langId=44&amp;storeId=10151&amp;promotionId=10669742">
    <input type="hidden" name="page" value="">
    <input type="hidden" name="contractId" value="">
    <input type="hidden" name="calculateOrder" value="1">
    <input type="hidden" name="calculationUsage" value="-1,-2,-3">
    <input type="hidden" name="updateable" value="1">
    <input type="hidden" name="merge" value="***">

                                  
            <input type="hidden" id="updateUrl_1209476" updateurlchild_1209477="AjaxOrderItemUpdate?calculateOrder=1&amp;itemType=&amp;ordItemUpdateFlag=0&amp;orderId=.&amp;updatePrices=1&amp;authToken=-1002%252C3jIiHU%252F3lFc4jalpGDAhYOztAdQ%253D&amp;calculationUsage=-1,-2,-3&amp;storeId=10151&amp;errorViewName=AjaxQuickCartDisplay&amp;URL=AjaxQuickCartDisplay&amp;catEntryId=1209477&amp;orderItemId_0=&amp;UOM_0=&amp;langId=44&amp;quantity_0=1">
            <input type="hidden" id="removeUrl_1209476" removeurlchild_1209477="AjaxOrderItemUpdate?calculateOrder=1&amp;itemType=&amp;productId=&amp;ordItemUpdateFlag=2&amp;orderId=.&amp;updatePrices=1&amp;authToken=-1002%252C3jIiHU%252F3lFc4jalpGDAhYOztAdQ%253D&amp;calculationUsage=-1,-2,-3&amp;storeId=10151&amp;errorViewName=AjaxQuickCartDisplay&amp;URL=AjaxQuickCartDisplay&amp;catEntryId=1209477&amp;productSKU=&amp;orderItemId_0=&amp;qtyDecremented=true&amp;langId=44&amp;quantity_0=0">           
         
       <input type="hidden" name="callAjax" value="false">
       
    
    <div class="add2Cart " id="addQtyPanelProduct_1209476">    
        
            <a class="button process addQty  " id="addQty_1209476" href="#">
                Add
            </a>

            <input type="hidden" name="Add" value="Add">
        
    </div>

</form>
<!-- END AddToTrolley.jsp -->
                                    </div>  
                                
                    </div><!-- END priceTabContainer Add container --><!-- Subscribe container --><!-- Start AddToSubscriptionList.jspf --><!-- Start AddToSubscriptionList.jsp --><!-- End AddToSubscriptionList.jsp --><!-- End AddToSubscriptionList.jspf --> 
                </div>  
            </div>  
        </div>
    </div>     
    </div> 
    <div id="additionalItems_1209477" class="additionalItems">
        <!-- BEGIN MerchandisingAssociationsDisplay.jsp --><!-- Start - JSP File Name:  MerchandisingAssociationsDisplay.jsp --><!-- END MerchandisingAssociationsDisplay.jsp -->  
    </div> 

<!-- END CatalogEntryThumbnailDisplay.jsp -->
                            </li>
                        
                            <li>
                                
                                                <div class="trolleySummary"><p class="saving">
                                                         <!-- %@ include file="../../include/PromotionStrapline.jspf"% -->
                                                </p></div>
                                            
                                                <div class="trolleySummary"><p class="saving">
                                                         <!-- %@ include file="../../include/PromotionStrapline.jspf"% -->
                                                </p></div>
                                            
                                                <div class="trolleySummary"><p class="saving">
                                                         <!-- %@ include file="../../include/PromotionStrapline.jspf"% -->
                                                </p></div>
                                            <!-- BEGIN CatalogEntryThumbnailDisplay.jsp -->
    <div class="product ">
        
        <div class="errorBanner hidden" id="error1368640"></div>
                        
        
        <div class="productInner">
            <div class="productInfoWrapper">
                <div class="productInfo">
                    
                            <h3>
                                <a href="https://www.sainsburys.co.uk/shop/gb/groceries/product/details/walkers-baked-prawn-cocktail-snack-375g">
                                    Walkers Oven Baked Prawn Cocktail Flavoured Crisp Snacks 37.5g
                                    <img src="https://assets.sainsburys-groceries.co.uk/gol/8036911/image.jpg" alt="">
                                </a>
                            </h3>
                        
<div class="promotion">

                        <p>
                            <a strapline="Meal Deal for Â£5.00 | 8036911" href="https://www.sainsburys.co.uk/shop/PromotionDisplayView?listId=2&amp;catalogId=10241&amp;productId=1368640&amp;langId=44&amp;storeId=10151&amp;promotionId=10664136"><!-- BEGIN include/PromotionStrapline.jspf -->Meal Deal for Â£5.00<br>

<!-- FINISH include/PromotionStrapline.jspf -->
                            </a>
                        </p>
                    
                        <p>
                            <a strapline="Meal Deal for Â£3.75 | 8036911" href="https://www.sainsburys.co.uk/shop/PromotionDisplayView?listId=2&amp;catalogId=10241&amp;productId=1368640&amp;langId=44&amp;storeId=10151&amp;promotionId=10669742">PLUS <!-- BEGIN include/PromotionStrapline.jspf -->Meal Deal for Â£3.75<br>

<!-- FINISH include/PromotionStrapline.jspf -->
                            </a>
                        </p>
                                
</div>

                    <div class="ThumbnailRoundel">
                    <!--ThumbnailRoundel --> 
                    </div>
                    <div class="promoBages">
                        <!-- PROMOTION -->
                    </div>


                    <!-- Review --><!-- BEGIN CatalogEntryRatingsReviewsInfo.jspf --><!-- productAllowedRatingsAndReviews: true -->
<div class="reviews">

    <a class="numberOfReviews" href="https://www.sainsburys.co.uk/shop/gb/groceries/product/details/walkers-baked-prawn-cocktail-snack-375g">
        <img src="//www.sainsburys.co.uk/wcsstore7.137.2/SainsburysStorefrontAssetStore/img/stars/rating-5_0.gif" alt="5.0" border="0">&nbsp; 
        Reviews (1)
    </a>

</div>
<!-- END CatalogEntryRatingsReviewsInfo.jspf -->
                </div>
                <!--ThumbnailRestriction -->
            </div>
            
            <div class="addToTrolleytabBox">
            <!-- addToTrolleytabBox LIST VIEW--><!-- Start UserSubscribedOrNot.jspf --><!-- Start UserSubscribedOrNot.jsp --><!-- 
    If the user is not logged in, render this opening 
    DIV adding an addtional class to fix the border top which is removed 
    and replaced by the tabs
-->
<div class="addToTrolleytabContainer addItemBorderTop">
<!-- End AddToSubscriptionList.jsp --><!-- End AddSubscriptionList.jspf --><!-- 
                    ATTENTION!!!
                    <div class="addToTrolleytabContainer">
                    This opening div is inside "../../ReusableObjects/UserSubscribedOrNot.jsp"
                    -->
                <div class="pricingAndTrolleyOptions">  
                    <div class="priceTab activeContainer priceTabContainer" id="addItem_1368641"> 
                        <div class="pricing">
                            
<p class="pricePerUnit">
Â£1.10 
</p>

<p class="pricePerMeasure">Â£2.93<abbr title="per">/</abbr>100<abbr title="gram"><span class="pricePerMeasureMeasure">g</span></abbr>
</p>

                                
                        </div>  
                          
                                    <div class="addToTrolleyForm ">   
                                        <!-- BEGIN AddToTrolley.jsp --><!-- fire an on add to bag here from  -->

<form class="addToTrolleyForm" name="OrderItemAddForm_1368640" action="OrderItemAdd" method="post" id="OrderItemAddForm_1368640">
    <input type="hidden" name="storeId" value="10151">
    <input type="hidden" name="langId" value="44">
    <input type="hidden" name="catalogId" value="10241">
    <input type="hidden" name="authToken" id="authToken1368640" value="-1002%2C3jIiHU%2F3lFc4jalpGDAhYOztAdQ%3D">
    
    
    <input type="hidden" name="errorViewName" value="PromotionDisplayView">
    <input type="hidden" name="SKU_ID" value="8036911">
    <input type="hidden" name="itemType" value="">
    <input type="hidden" name="parentSKU" value="">
    
    
       <input type="hidden" id="productCatentryId_1368641" value="1368640">
       <input type="hidden" id="catEntryId_1368640" value="1368641">
       <input type="hidden" name="ItemSKU_ID" value="8036911">
     
        
        <div class="quantity hidden" id="updateQtyPanelProduct_1368640" data-qty="">
            <ul>
                <li>
                    <a class="button decreaseQty " id="decreaseQty_1368640" href="#">-</a> 
                </li>
                <li>	
                    <label class="access" for="quantity_1368640">Quantity</label>						
                    <a href="#" class="button quantityPlp  " id="quantityUpdate_1368640">
                        </a>
                    <input name="quantity" id="quantity_1368640" type="hidden" size="3" value="" class="quantity">		        
                </li>
                <li>
                    
                    <a class="button increaseQty " id="increaseQty_1368640" href="#">+</a>
                </li>
            </ul>
        </div>				
            
        
            <input type="hidden" name="catEntryId" value="1368641">
        

        <input type="hidden" name="productId" value="1368640">
        

    <input type="hidden" name="URL" value="https://www.sainsburys.co.uk/webapp/wcs/stores/servlet/PromotionDisplayView?listId=2&amp;catalogId=10241&amp;productId=1117540&amp;langId=44&amp;storeId=10151&amp;promotionId=10669742">
    <input type="hidden" name="page" value="">
    <input type="hidden" name="contractId" value="">
    <input type="hidden" name="calculateOrder" value="1">
    <input type="hidden" name="calculationUsage" value="-1,-2,-3">
    <input type="hidden" name="updateable" value="1">
    <input type="hidden" name="merge" value="***">

                                  
            <input type="hidden" id="updateUrl_1368640" updateurlchild_1368641="AjaxOrderItemUpdate?calculateOrder=1&amp;itemType=&amp;ordItemUpdateFlag=0&amp;orderId=.&amp;updatePrices=1&amp;authToken=-1002%252C3jIiHU%252F3lFc4jalpGDAhYOztAdQ%253D&amp;calculationUsage=-1,-2,-3&amp;storeId=10151&amp;errorViewName=AjaxQuickCartDisplay&amp;URL=AjaxQuickCartDisplay&amp;catEntryId=1368641&amp;orderItemId_0=&amp;UOM_0=&amp;langId=44&amp;quantity_0=1">
            <input type="hidden" id="removeUrl_1368640" removeurlchild_1368641="AjaxOrderItemUpdate?calculateOrder=1&amp;itemType=&amp;productId=&amp;ordItemUpdateFlag=2&amp;orderId=.&amp;updatePrices=1&amp;authToken=-1002%252C3jIiHU%252F3lFc4jalpGDAhYOztAdQ%253D&amp;calculationUsage=-1,-2,-3&amp;storeId=10151&amp;errorViewName=AjaxQuickCartDisplay&amp;URL=AjaxQuickCartDisplay&amp;catEntryId=1368641&amp;productSKU=&amp;orderItemId_0=&amp;qtyDecremented=true&amp;langId=44&amp;quantity_0=0">           
         
       <input type="hidden" name="callAjax" value="false">
       
    
    <div class="add2Cart " id="addQtyPanelProduct_1368640">    
        
            <a class="button process addQty  " id="addQty_1368640" href="#">
                Add
            </a>

            <input type="hidden" name="Add" value="Add">
        
    </div>

</form>
<!-- END AddToTrolley.jsp -->
                                    </div>  
                                
                    </div><!-- END priceTabContainer Add container --><!-- Subscribe container --><!-- Start AddToSubscriptionList.jspf --><!-- Start AddToSubscriptionList.jsp --><!-- End AddToSubscriptionList.jsp --><!-- End AddToSubscriptionList.jspf --> 
                </div>  
            </div>  
        </div>
    </div>     
    </div> 
    <div id="additionalItems_1368641" class="additionalItems">
        <!-- BEGIN MerchandisingAssociationsDisplay.jsp --><!-- Start - JSP File Name:  MerchandisingAssociationsDisplay.jsp --><!-- END MerchandisingAssociationsDisplay.jsp -->  
    </div> 

<!-- END CatalogEntryThumbnailDisplay.jsp -->
                            </li>
                        
                            <li>
                                
                                                <div class="trolleySummary"><p class="saving">
                                                         <!-- %@ include file="../../include/PromotionStrapline.jspf"% -->
                                                </p></div>
                                            
                                                <div class="trolleySummary"><p class="saving">
                                                         <!-- %@ include file="../../include/PromotionStrapline.jspf"% -->
                                                </p></div>
                                            
                                                <div class="trolleySummary"><p class="saving">
                                                         <!-- %@ include file="../../include/PromotionStrapline.jspf"% -->
                                                </p></div>
                                            <!-- BEGIN CatalogEntryThumbnailDisplay.jsp -->
    <div class="product ">
        
        <div class="errorBanner hidden" id="error1480492"></div>
                        
        
        <div class="productInner">
            <div class="productInfoWrapper">
                <div class="productInfo">
                    
                            <h3>
                                <a href="https://www.sainsburys.co.uk/shop/gb/groceries/product/details/discos-salt-vinegar-grab-bag-crisps-50g">
                                    Discos Salt &amp; Vinegar Grab Bag Crisps 50g
                                    <img src="https://assets.sainsburys-groceries.co.uk/gol/8151352/image.jpg" alt="">
                                </a>
                            </h3>
                        
<div class="promotion">

                        <p>
                            <a strapline="Meal Deal for Â£5.00 | 8151352" href="https://www.sainsburys.co.uk/shop/PromotionDisplayView?listId=2&amp;catalogId=10241&amp;productId=1480492&amp;langId=44&amp;storeId=10151&amp;promotionId=10664136"><!-- BEGIN include/PromotionStrapline.jspf -->Meal Deal for Â£5.00<br>

<!-- FINISH include/PromotionStrapline.jspf -->
                            </a>
                        </p>
                    
                        <p>
                            <a strapline="Meal Deal for Â£3.75 | 8151352" href="https://www.sainsburys.co.uk/shop/PromotionDisplayView?listId=2&amp;catalogId=10241&amp;productId=1480492&amp;langId=44&amp;storeId=10151&amp;promotionId=10669742">PLUS <!-- BEGIN include/PromotionStrapline.jspf -->Meal Deal for Â£3.75<br>

<!-- FINISH include/PromotionStrapline.jspf -->
                            </a>
                        </p>
                                
</div>

                    <div class="ThumbnailRoundel">
                    <!--ThumbnailRoundel --> 
                    </div>
                    <div class="promoBages">
                        <!-- PROMOTION -->
                    </div>


                    <!-- Review --><!-- BEGIN CatalogEntryRatingsReviewsInfo.jspf --><!-- productAllowedRatingsAndReviews: true -->
<div class="reviews">

    <a class="numberOfReviews" href="https://www.sainsburys.co.uk/shop/gb/groceries/product/details/discos-salt-vinegar-grab-bag-crisps-50g">
        <img src="//www.sainsburys.co.uk/wcsstore7.137.2/SainsburysStorefrontAssetStore/img/stars/rating-4_8.gif" alt="4.8333" border="0">&nbsp; 
        Reviews (6)
    </a>

</div>
<!-- END CatalogEntryRatingsReviewsInfo.jspf -->
                </div>
                <!--ThumbnailRestriction -->
            </div>
            
            <div class="addToTrolleytabBox">
            <!-- addToTrolleytabBox LIST VIEW--><!-- Start UserSubscribedOrNot.jspf --><!-- Start UserSubscribedOrNot.jsp --><!-- 
    If the user is not logged in, render this opening 
    DIV adding an addtional class to fix the border top which is removed 
    and replaced by the tabs
-->
<div class="addToTrolleytabContainer addItemBorderTop">
<!-- End AddToSubscriptionList.jsp --><!-- End AddSubscriptionList.jspf --><!-- 
                    ATTENTION!!!
                    <div class="addToTrolleytabContainer">
                    This opening div is inside "../../ReusableObjects/UserSubscribedOrNot.jsp"
                    -->
                <div class="pricingAndTrolleyOptions">  
                    <div class="priceTab activeContainer priceTabContainer" id="addItem_1480493"> 
                        <div class="pricing">
                            
<p class="pricePerUnit">
Â£1.10 
</p>

<p class="pricePerMeasure">Â£2.20<abbr title="per">/</abbr>100<abbr title="gram"><span class="pricePerMeasureMeasure">g</span></abbr>
</p>

                                
                        </div>  
                          
                                    <div class="addToTrolleyForm ">   
                                        <!-- BEGIN AddToTrolley.jsp --><!-- fire an on add to bag here from  -->

<form class="addToTrolleyForm" name="OrderItemAddForm_1480492" action="OrderItemAdd" method="post" id="OrderItemAddForm_1480492">
    <input type="hidden" name="storeId" value="10151">
    <input type="hidden" name="langId" value="44">
    <input type="hidden" name="catalogId" value="10241">
    <input type="hidden" name="authToken" id="authToken1480492" value="-1002%2C3jIiHU%2F3lFc4jalpGDAhYOztAdQ%3D">
    
    
    <input type="hidden" name="errorViewName" value="PromotionDisplayView">
    <input type="hidden" name="SKU_ID" value="8151352">
    <input type="hidden" name="itemType" value="">
    <input type="hidden" name="parentSKU" value="">
    
    
       <input type="hidden" id="productCatentryId_1480493" value="1480492">
       <input type="hidden" id="catEntryId_1480492" value="1480493">
       <input type="hidden" name="ItemSKU_ID" value="8151352">
     
        
        <div class="quantity hidden" id="updateQtyPanelProduct_1480492" data-qty="">
            <ul>
                <li>
                    <a class="button decreaseQty " id="decreaseQty_1480492" href="#">-</a> 
                </li>
                <li>	
                    <label class="access" for="quantity_1480492">Quantity</label>						
                    <a href="#" class="button quantityPlp  " id="quantityUpdate_1480492">
                        </a>
                    <input name="quantity" id="quantity_1480492" type="hidden" size="3" value="" class="quantity">		        
                </li>
                <li>
                    
                    <a class="button increaseQty " id="increaseQty_1480492" href="#">+</a>
                </li>
            </ul>
        </div>				
            
        
            <input type="hidden" name="catEntryId" value="1480493">
        

        <input type="hidden" name="productId" value="1480492">
        

    <input type="hidden" name="URL" value="https://www.sainsburys.co.uk/webapp/wcs/stores/servlet/PromotionDisplayView?listId=2&amp;catalogId=10241&amp;productId=1117540&amp;langId=44&amp;storeId=10151&amp;promotionId=10669742">
    <input type="hidden" name="page" value="">
    <input type="hidden" name="contractId" value="">
    <input type="hidden" name="calculateOrder" value="1">
    <input type="hidden" name="calculationUsage" value="-1,-2,-3">
    <input type="hidden" name="updateable" value="1">
    <input type="hidden" name="merge" value="***">

                                  
            <input type="hidden" id="updateUrl_1480492" updateurlchild_1480493="AjaxOrderItemUpdate?calculateOrder=1&amp;itemType=&amp;ordItemUpdateFlag=0&amp;orderId=.&amp;updatePrices=1&amp;authToken=-1002%252C3jIiHU%252F3lFc4jalpGDAhYOztAdQ%253D&amp;calculationUsage=-1,-2,-3&amp;storeId=10151&amp;errorViewName=AjaxQuickCartDisplay&amp;URL=AjaxQuickCartDisplay&amp;catEntryId=1480493&amp;orderItemId_0=&amp;UOM_0=&amp;langId=44&amp;quantity_0=1">
            <input type="hidden" id="removeUrl_1480492" removeurlchild_1480493="AjaxOrderItemUpdate?calculateOrder=1&amp;itemType=&amp;productId=&amp;ordItemUpdateFlag=2&amp;orderId=.&amp;updatePrices=1&amp;authToken=-1002%252C3jIiHU%252F3lFc4jalpGDAhYOztAdQ%253D&amp;calculationUsage=-1,-2,-3&amp;storeId=10151&amp;errorViewName=AjaxQuickCartDisplay&amp;URL=AjaxQuickCartDisplay&amp;catEntryId=1480493&amp;productSKU=&amp;orderItemId_0=&amp;qtyDecremented=true&amp;langId=44&amp;quantity_0=0">           
         
       <input type="hidden" name="callAjax" value="false">
       
    
    <div class="add2Cart " id="addQtyPanelProduct_1480492">    
        
            <a class="button process addQty  " id="addQty_1480492" href="#">
                Add
            </a>

            <input type="hidden" name="Add" value="Add">
        
    </div>

</form>
<!-- END AddToTrolley.jsp -->
                                    </div>  
                                
                    </div><!-- END priceTabContainer Add container --><!-- Subscribe container --><!-- Start AddToSubscriptionList.jspf --><!-- Start AddToSubscriptionList.jsp --><!-- End AddToSubscriptionList.jsp --><!-- End AddToSubscriptionList.jspf --> 
                </div>  
            </div>  
        </div>
    </div>     
    </div> 
    <div id="additionalItems_1480493" class="additionalItems">
        <!-- BEGIN MerchandisingAssociationsDisplay.jsp --><!-- Start - JSP File Name:  MerchandisingAssociationsDisplay.jsp --><!-- END MerchandisingAssociationsDisplay.jsp -->  
    </div> 

<!-- END CatalogEntryThumbnailDisplay.jsp -->
                            </li>
                        
                            <li>
                                
                                                <div class="trolleySummary"><p class="saving">
                                                         <!-- %@ include file="../../include/PromotionStrapline.jspf"% -->
                                                </p></div>
                                            
                                                <div class="trolleySummary"><p class="saving">
                                                         <!-- %@ include file="../../include/PromotionStrapline.jspf"% -->
                                                </p></div>
                                            
                                                <div class="trolleySummary"><p class="saving">
                                                         <!-- %@ include file="../../include/PromotionStrapline.jspf"% -->
                                                </p></div>
                                            <!-- BEGIN CatalogEntryThumbnailDisplay.jsp -->
    <div class="product ">
        
        <div class="errorBanner hidden" id="error1528558"></div>
                        
        
        <div class="productInner">
            <div class="productInfoWrapper">
                <div class="productInfo">
                    
                            <h3>
                                <a href="https://www.sainsburys.co.uk/shop/gb/groceries/product/details/mcvities-gold-billions-wafer-golden-caramel-chocolate-39g">
                                    McVitie's Gold Billions Wafer Golden Caramel Chocolate 39g
                                    <img src="https://assets.sainsburys-groceries.co.uk/gol/8190657/image.jpg" alt="">
                                </a>
                            </h3>
                        
<div class="promotion">

                        <p>
                            <a strapline="Meal Deal for Â£5.00 | 8190657" href="https://www.sainsburys.co.uk/shop/PromotionDisplayView?listId=2&amp;catalogId=10241&amp;productId=1528558&amp;langId=44&amp;storeId=10151&amp;promotionId=10664136"><!-- BEGIN include/PromotionStrapline.jspf -->Meal Deal for Â£5.00<br>

<!-- FINISH include/PromotionStrapline.jspf -->
                            </a>
                        </p>
                    
                        <p>
                            <a strapline="Meal Deal for Â£3.75 | 8190657" href="https://www.sainsburys.co.uk/shop/PromotionDisplayView?listId=2&amp;catalogId=10241&amp;productId=1528558&amp;langId=44&amp;storeId=10151&amp;promotionId=10669742">PLUS <!-- BEGIN include/PromotionStrapline.jspf -->Meal Deal for Â£3.75<br>

<!-- FINISH include/PromotionStrapline.jspf -->
                            </a>
                        </p>
                                
</div>

                    <div class="ThumbnailRoundel">
                    <!--ThumbnailRoundel --> 
                    </div>
                    <div class="promoBages">
                        <!-- PROMOTION -->
                    </div>


                    <!-- Review --><!-- BEGIN CatalogEntryRatingsReviewsInfo.jspf --><!-- productAllowedRatingsAndReviews: true -->
<div class="reviews">

    <a class="numberOfReviews" href="https://www.sainsburys.co.uk/shop/gb/groceries/product/details/mcvities-gold-billions-wafer-golden-caramel-chocolate-39g">
        <img src="//www.sainsburys.co.uk/wcsstore7.137.2/SainsburysStorefrontAssetStore/img/stars/rating-4_7.gif" alt="4.6623" border="0">&nbsp; 
        Reviews (154)
    </a>

</div>
<!-- END CatalogEntryRatingsReviewsInfo.jspf -->
                </div>
                <!--ThumbnailRestriction -->
            </div>
            
            <div class="addToTrolleytabBox">
            <!-- addToTrolleytabBox LIST VIEW--><!-- Start UserSubscribedOrNot.jspf --><!-- Start UserSubscribedOrNot.jsp --><!-- 
    If the user is not logged in, render this opening 
    DIV adding an addtional class to fix the border top which is removed 
    and replaced by the tabs
-->
<div class="addToTrolleytabContainer addItemBorderTop">
<!-- End AddToSubscriptionList.jsp --><!-- End AddSubscriptionList.jspf --><!-- 
                    ATTENTION!!!
                    <div class="addToTrolleytabContainer">
                    This opening div is inside "../../ReusableObjects/UserSubscribedOrNot.jsp"
                    -->
                <div class="pricingAndTrolleyOptions">  
                    <div class="priceTab activeContainer priceTabContainer" id="addItem_1528559"> 
                        <div class="pricing">
                            
<p class="pricePerUnit">
85p 
</p>

<p class="pricePerMeasure">Â£2.15<abbr title="per">/</abbr>100<abbr title="gram"><span class="pricePerMeasureMeasure">g</span></abbr>
</p>

                                
                        </div>  
                          
                                    <div class="addToTrolleyForm ">   
                                        <!-- BEGIN AddToTrolley.jsp --><!-- fire an on add to bag here from  -->

<form class="addToTrolleyForm" name="OrderItemAddForm_1528558" action="OrderItemAdd" method="post" id="OrderItemAddForm_1528558">
    <input type="hidden" name="storeId" value="10151">
    <input type="hidden" name="langId" value="44">
    <input type="hidden" name="catalogId" value="10241">
    <input type="hidden" name="authToken" id="authToken1528558" value="-1002%2C3jIiHU%2F3lFc4jalpGDAhYOztAdQ%3D">
    
    
    <input type="hidden" name="errorViewName" value="PromotionDisplayView">
    <input type="hidden" name="SKU_ID" value="8190657">
    <input type="hidden" name="itemType" value="">
    <input type="hidden" name="parentSKU" value="">
    
    
       <input type="hidden" id="productCatentryId_1528559" value="1528558">
       <input type="hidden" id="catEntryId_1528558" value="1528559">
       <input type="hidden" name="ItemSKU_ID" value="8190657">
     
        
        <div class="quantity hidden" id="updateQtyPanelProduct_1528558" data-qty="">
            <ul>
                <li>
                    <a class="button decreaseQty " id="decreaseQty_1528558" href="#">-</a> 
                </li>
                <li>	
                    <label class="access" for="quantity_1528558">Quantity</label>						
                    <a href="#" class="button quantityPlp  " id="quantityUpdate_1528558">
                        </a>
                    <input name="quantity" id="quantity_1528558" type="hidden" size="3" value="" class="quantity">		        
                </li>
                <li>
                    
                    <a class="button increaseQty " id="increaseQty_1528558" href="#">+</a>
                </li>
            </ul>
        </div>				
            
        
            <input type="hidden" name="catEntryId" value="1528559">
        

        <input type="hidden" name="productId" value="1528558">
        

    <input type="hidden" name="URL" value="https://www.sainsburys.co.uk/webapp/wcs/stores/servlet/PromotionDisplayView?listId=2&amp;catalogId=10241&amp;productId=1117540&amp;langId=44&amp;storeId=10151&amp;promotionId=10669742">
    <input type="hidden" name="page" value="">
    <input type="hidden" name="contractId" value="">
    <input type="hidden" name="calculateOrder" value="1">
    <input type="hidden" name="calculationUsage" value="-1,-2,-3">
    <input type="hidden" name="updateable" value="1">
    <input type="hidden" name="merge" value="***">

                                  
            <input type="hidden" id="updateUrl_1528558" updateurlchild_1528559="AjaxOrderItemUpdate?calculateOrder=1&amp;itemType=&amp;ordItemUpdateFlag=0&amp;orderId=.&amp;updatePrices=1&amp;authToken=-1002%252C3jIiHU%252F3lFc4jalpGDAhYOztAdQ%253D&amp;calculationUsage=-1,-2,-3&amp;storeId=10151&amp;errorViewName=AjaxQuickCartDisplay&amp;URL=AjaxQuickCartDisplay&amp;catEntryId=1528559&amp;orderItemId_0=&amp;UOM_0=&amp;langId=44&amp;quantity_0=1">
            <input type="hidden" id="removeUrl_1528558" removeurlchild_1528559="AjaxOrderItemUpdate?calculateOrder=1&amp;itemType=&amp;productId=&amp;ordItemUpdateFlag=2&amp;orderId=.&amp;updatePrices=1&amp;authToken=-1002%252C3jIiHU%252F3lFc4jalpGDAhYOztAdQ%253D&amp;calculationUsage=-1,-2,-3&amp;storeId=10151&amp;errorViewName=AjaxQuickCartDisplay&amp;URL=AjaxQuickCartDisplay&amp;catEntryId=1528559&amp;productSKU=&amp;orderItemId_0=&amp;qtyDecremented=true&amp;langId=44&amp;quantity_0=0">           
         
       <input type="hidden" name="callAjax" value="false">
       
    
    <div class="add2Cart " id="addQtyPanelProduct_1528558">    
        
            <a class="button process addQty  " id="addQty_1528558" href="#">
                Add
            </a>

            <input type="hidden" name="Add" value="Add">
        
    </div>

</form>
<!-- END AddToTrolley.jsp -->
                                    </div>  
                                
                    </div><!-- END priceTabContainer Add container --><!-- Subscribe container --><!-- Start AddToSubscriptionList.jspf --><!-- Start AddToSubscriptionList.jsp --><!-- End AddToSubscriptionList.jsp --><!-- End AddToSubscriptionList.jspf --> 
                </div>  
            </div>  
        </div>
    </div>     
    </div> 
    <div id="additionalItems_1528559" class="additionalItems">
        <!-- BEGIN MerchandisingAssociationsDisplay.jsp --><!-- Start - JSP File Name:  MerchandisingAssociationsDisplay.jsp --><!-- END MerchandisingAssociationsDisplay.jsp -->  
    </div> 

<!-- END CatalogEntryThumbnailDisplay.jsp -->
                            </li>
                        
                            <li>
                                
                                                <div class="trolleySummary"><p class="saving">
                                                         <!-- %@ include file="../../include/PromotionStrapline.jspf"% -->
                                                </p></div>
                                            
                                                <div class="trolleySummary"><p class="saving">
                                                         <!-- %@ include file="../../include/PromotionStrapline.jspf"% -->
                                                </p></div>
                                            
                                                <div class="trolleySummary"><p class="saving">
                                                         <!-- %@ include file="../../include/PromotionStrapline.jspf"% -->
                                                </p></div>
                                            <!-- BEGIN CatalogEntryThumbnailDisplay.jsp -->
    <div class="product ">
        
        <div class="errorBanner hidden" id="error1452004"></div>
                        
        
        <div class="productInner">
            <div class="productInfoWrapper">
                <div class="productInfo">
                    
                            <h3>
                                <a href="https://www.sainsburys.co.uk/shop/gb/groceries/product/details/kind-maple-pecan-almond-snack-bar-40g">
                                    Kind Maple Pecan Almond Snack Bar 40g
                                    <img src="https://assets.sainsburys-groceries.co.uk/gol/8120244/image.jpg" alt="">
                                </a>
                            </h3>
                        
<div class="promotion">

                        <p>
                            <a strapline="Meal Deal for Â£5.00 | 8120244" href="https://www.sainsburys.co.uk/shop/PromotionDisplayView?listId=2&amp;catalogId=10241&amp;productId=1452004&amp;langId=44&amp;storeId=10151&amp;promotionId=10664136"><!-- BEGIN include/PromotionStrapline.jspf -->Meal Deal for Â£5.00<br>

<!-- FINISH include/PromotionStrapline.jspf -->
                            </a>
                        </p>
                    
                        <p>
                            <a strapline="Meal Deal for Â£3.75 | 8120244" href="https://www.sainsburys.co.uk/shop/PromotionDisplayView?listId=2&amp;catalogId=10241&amp;productId=1452004&amp;langId=44&amp;storeId=10151&amp;promotionId=10669742">PLUS <!-- BEGIN include/PromotionStrapline.jspf -->Meal Deal for Â£3.75<br>

<!-- FINISH include/PromotionStrapline.jspf -->
                            </a>
                        </p>
                                
</div>

                    <div class="ThumbnailRoundel">
                    <!--ThumbnailRoundel --> 
                    </div>
                    <div class="promoBages">
                        <!-- PROMOTION -->
                    </div>


                    <!-- Review --><!-- BEGIN CatalogEntryRatingsReviewsInfo.jspf --><!-- productAllowedRatingsAndReviews: true -->
<div class="reviews">

    <a class="numberOfReviews" href="https://www.sainsburys.co.uk/shop/gb/groceries/product/details/kind-maple-pecan-almond-snack-bar-40g">
        <img src="//www.sainsburys.co.uk/wcsstore7.137.2/SainsburysStorefrontAssetStore/img/stars/rating-4_7.gif" alt="4.6923" border="0">&nbsp; 
        Reviews (39)
    </a>

</div>
<!-- END CatalogEntryRatingsReviewsInfo.jspf -->
                </div>
                <!--ThumbnailRestriction -->
            </div>
            
            <div class="addToTrolleytabBox">
            <!-- addToTrolleytabBox LIST VIEW--><!-- Start UserSubscribedOrNot.jspf --><!-- Start UserSubscribedOrNot.jsp --><!-- 
    If the user is not logged in, render this opening 
    DIV adding an addtional class to fix the border top which is removed 
    and replaced by the tabs
-->
<div class="addToTrolleytabContainer addItemBorderTop">
<!-- End AddToSubscriptionList.jsp --><!-- End AddSubscriptionList.jspf --><!-- 
                    ATTENTION!!!
                    <div class="addToTrolleytabContainer">
                    This opening div is inside "../../ReusableObjects/UserSubscribedOrNot.jsp"
                    -->
                <div class="pricingAndTrolleyOptions">  
                    <div class="priceTab activeContainer priceTabContainer" id="addItem_1452005"> 
                        <div class="pricing">
                            
<p class="pricePerUnit">
Â£1.40 
</p>

<p class="pricePerMeasure">Â£3.50<abbr title="per">/</abbr>100<abbr title="gram"><span class="pricePerMeasureMeasure">g</span></abbr>
</p>

                                
                        </div>  
                          
                                    <div class="addToTrolleyForm ">   
                                        <!-- BEGIN AddToTrolley.jsp --><!-- fire an on add to bag here from  -->

<form class="addToTrolleyForm" name="OrderItemAddForm_1452004" action="OrderItemAdd" method="post" id="OrderItemAddForm_1452004">
    <input type="hidden" name="storeId" value="10151">
    <input type="hidden" name="langId" value="44">
    <input type="hidden" name="catalogId" value="10241">
    <input type="hidden" name="authToken" id="authToken1452004" value="-1002%2C3jIiHU%2F3lFc4jalpGDAhYOztAdQ%3D">
    
    
    <input type="hidden" name="errorViewName" value="PromotionDisplayView">
    <input type="hidden" name="SKU_ID" value="8120244">
    <input type="hidden" name="itemType" value="">
    <input type="hidden" name="parentSKU" value="">
    
    
       <input type="hidden" id="productCatentryId_1452005" value="1452004">
       <input type="hidden" id="catEntryId_1452004" value="1452005">
       <input type="hidden" name="ItemSKU_ID" value="8120244">
     
        
        <div class="quantity hidden" id="updateQtyPanelProduct_1452004" data-qty="">
            <ul>
                <li>
                    <a class="button decreaseQty " id="decreaseQty_1452004" href="#">-</a> 
                </li>
                <li>	
                    <label class="access" for="quantity_1452004">Quantity</label>						
                    <a href="#" class="button quantityPlp  " id="quantityUpdate_1452004">
                        </a>
                    <input name="quantity" id="quantity_1452004" type="hidden" size="3" value="" class="quantity">		        
                </li>
                <li>
                    
                    <a class="button increaseQty " id="increaseQty_1452004" href="#">+</a>
                </li>
            </ul>
        </div>				
            
        
            <input type="hidden" name="catEntryId" value="1452005">
        

        <input type="hidden" name="productId" value="1452004">
        

    <input type="hidden" name="URL" value="https://www.sainsburys.co.uk/webapp/wcs/stores/servlet/PromotionDisplayView?listId=2&amp;catalogId=10241&amp;productId=1117540&amp;langId=44&amp;storeId=10151&amp;promotionId=10669742">
    <input type="hidden" name="page" value="">
    <input type="hidden" name="contractId" value="">
    <input type="hidden" name="calculateOrder" value="1">
    <input type="hidden" name="calculationUsage" value="-1,-2,-3">
    <input type="hidden" name="updateable" value="1">
    <input type="hidden" name="merge" value="***">

                                  
            <input type="hidden" id="updateUrl_1452004" updateurlchild_1452005="AjaxOrderItemUpdate?calculateOrder=1&amp;itemType=&amp;ordItemUpdateFlag=0&amp;orderId=.&amp;updatePrices=1&amp;authToken=-1002%252C3jIiHU%252F3lFc4jalpGDAhYOztAdQ%253D&amp;calculationUsage=-1,-2,-3&amp;storeId=10151&amp;errorViewName=AjaxQuickCartDisplay&amp;URL=AjaxQuickCartDisplay&amp;catEntryId=1452005&amp;orderItemId_0=&amp;UOM_0=&amp;langId=44&amp;quantity_0=1">
            <input type="hidden" id="removeUrl_1452004" removeurlchild_1452005="AjaxOrderItemUpdate?calculateOrder=1&amp;itemType=&amp;productId=&amp;ordItemUpdateFlag=2&amp;orderId=.&amp;updatePrices=1&amp;authToken=-1002%252C3jIiHU%252F3lFc4jalpGDAhYOztAdQ%253D&amp;calculationUsage=-1,-2,-3&amp;storeId=10151&amp;errorViewName=AjaxQuickCartDisplay&amp;URL=AjaxQuickCartDisplay&amp;catEntryId=1452005&amp;productSKU=&amp;orderItemId_0=&amp;qtyDecremented=true&amp;langId=44&amp;quantity_0=0">           
         
       <input type="hidden" name="callAjax" value="false">
       
    
    <div class="add2Cart " id="addQtyPanelProduct_1452004">    
        
            <a class="button process addQty  " id="addQty_1452004" href="#">
                Add
            </a>

            <input type="hidden" name="Add" value="Add">
        
    </div>

</form>
<!-- END AddToTrolley.jsp -->
                                    </div>  
                                
                    </div><!-- END priceTabContainer Add container --><!-- Subscribe container --><!-- Start AddToSubscriptionList.jspf --><!-- Start AddToSubscriptionList.jsp --><!-- End AddToSubscriptionList.jsp --><!-- End AddToSubscriptionList.jspf --> 
                </div>  
            </div>  
        </div>
    </div>     
    </div> 
    <div id="additionalItems_1452005" class="additionalItems">
        <!-- BEGIN MerchandisingAssociationsDisplay.jsp --><!-- Start - JSP File Name:  MerchandisingAssociationsDisplay.jsp --><!-- END MerchandisingAssociationsDisplay.jsp -->  
    </div> 

<!-- END CatalogEntryThumbnailDisplay.jsp -->
                            </li>
                        
                            <li>
                                
                                                <div class="trolleySummary"><p class="saving">
                                                         <!-- %@ include file="../../include/PromotionStrapline.jspf"% -->
                                                </p></div>
                                            
                                                <div class="trolleySummary"><p class="saving">
                                                         <!-- %@ include file="../../include/PromotionStrapline.jspf"% -->
                                                </p></div>
                                            
                                                <div class="trolleySummary"><p class="saving">
                                                         <!-- %@ include file="../../include/PromotionStrapline.jspf"% -->
                                                </p></div>
                                            <!-- BEGIN CatalogEntryThumbnailDisplay.jsp -->
    <div class="product ">
        
        <div class="errorBanner hidden" id="error875716"></div>
                        
        
        <div class="productInner">
            <div class="productInfoWrapper">
                <div class="productInfo">
                    
                            <h3>
                                <a href="https://www.sainsburys.co.uk/shop/gb/groceries/product/details/urban-fruit-perfect-pineapple-35g">
                                    Urban Fruit Gently Baked Pineapple 35g
                                    <img src="https://assets.sainsburys-groceries.co.uk/gol/7748517/image.jpg" alt="">
                                </a>
                            </h3>
                        
<div class="promotion">

                        <p>
                            <a strapline="Meal Deal for Â£5.00 | 7748517" href="https://www.sainsburys.co.uk/shop/PromotionDisplayView?listId=2&amp;catalogId=10241&amp;productId=875716&amp;langId=44&amp;storeId=10151&amp;promotionId=10664136"><!-- BEGIN include/PromotionStrapline.jspf -->Meal Deal for Â£5.00<br>

<!-- FINISH include/PromotionStrapline.jspf -->
                            </a>
                        </p>
                    
                        <p>
                            <a strapline="Meal Deal for Â£3.75 | 7748517" href="https://www.sainsburys.co.uk/shop/PromotionDisplayView?listId=2&amp;catalogId=10241&amp;productId=875716&amp;langId=44&amp;storeId=10151&amp;promotionId=10669742">PLUS <!-- BEGIN include/PromotionStrapline.jspf -->Meal Deal for Â£3.75<br>

<!-- FINISH include/PromotionStrapline.jspf -->
                            </a>
                        </p>
                                
</div>

                    <div class="ThumbnailRoundel">
                    <!--ThumbnailRoundel --> 
                    </div>
                    <div class="promoBages">
                        <!-- PROMOTION -->
                    </div>


                    <!-- Review --><!-- BEGIN CatalogEntryRatingsReviewsInfo.jspf --><!-- productAllowedRatingsAndReviews: true -->
<div class="reviews">

    <a class="numberOfReviews" href="https://www.sainsburys.co.uk/shop/gb/groceries/product/details/urban-fruit-perfect-pineapple-35g">
        <img src="//www.sainsburys.co.uk/wcsstore7.137.2/SainsburysStorefrontAssetStore/img/stars/rating-4_7.gif" alt="4.6667" border="0">&nbsp; 
        Reviews (3)
    </a>

</div>
<!-- END CatalogEntryRatingsReviewsInfo.jspf -->
                </div>
                <!--ThumbnailRestriction -->
            </div>
            
            <div class="addToTrolleytabBox">
            <!-- addToTrolleytabBox LIST VIEW--><!-- Start UserSubscribedOrNot.jspf --><!-- Start UserSubscribedOrNot.jsp --><!-- 
    If the user is not logged in, render this opening 
    DIV adding an addtional class to fix the border top which is removed 
    and replaced by the tabs
-->
<div class="addToTrolleytabContainer addItemBorderTop">
<!-- End AddToSubscriptionList.jsp --><!-- End AddSubscriptionList.jspf --><!-- 
                    ATTENTION!!!
                    <div class="addToTrolleytabContainer">
                    This opening div is inside "../../ReusableObjects/UserSubscribedOrNot.jsp"
                    -->
                <div class="pricingAndTrolleyOptions">  
                    <div class="priceTab activeContainer priceTabContainer" id="addItem_875717"> 
                        <div class="pricing">
                            
<p class="pricePerUnit">
Â£1.10 
</p>

<p class="pricePerMeasure">Â£3.14<abbr title="per">/</abbr>100<abbr title="gram"><span class="pricePerMeasureMeasure">g</span></abbr>
</p>

                                
                        </div>  
                          
                                    <div class="addToTrolleyForm ">   
                                        <!-- BEGIN AddToTrolley.jsp --><!-- fire an on add to bag here from  -->

<form class="addToTrolleyForm" name="OrderItemAddForm_875716" action="OrderItemAdd" method="post" id="OrderItemAddForm_875716">
    <input type="hidden" name="storeId" value="10151">
    <input type="hidden" name="langId" value="44">
    <input type="hidden" name="catalogId" value="10241">
    <input type="hidden" name="authToken" id="authToken875716" value="-1002%2C3jIiHU%2F3lFc4jalpGDAhYOztAdQ%3D">
    
    
    <input type="hidden" name="errorViewName" value="PromotionDisplayView">
    <input type="hidden" name="SKU_ID" value="7748517">
    <input type="hidden" name="itemType" value="">
    <input type="hidden" name="parentSKU" value="">
    
    
       <input type="hidden" id="productCatentryId_875717" value="875716">
       <input type="hidden" id="catEntryId_875716" value="875717">
       <input type="hidden" name="ItemSKU_ID" value="7748517">
     
        
        <div class="quantity hidden" id="updateQtyPanelProduct_875716" data-qty="">
            <ul>
                <li>
                    <a class="button decreaseQty " id="decreaseQty_875716" href="#">-</a> 
                </li>
                <li>	
                    <label class="access" for="quantity_875716">Quantity</label>						
                    <a href="#" class="button quantityPlp  " id="quantityUpdate_875716">
                        </a>
                    <input name="quantity" id="quantity_875716" type="hidden" size="3" value="" class="quantity">		        
                </li>
                <li>
                    
                    <a class="button increaseQty " id="increaseQty_875716" href="#">+</a>
                </li>
            </ul>
        </div>				
            
        
            <input type="hidden" name="catEntryId" value="875717">
        

        <input type="hidden" name="productId" value="875716">
        

    <input type="hidden" name="URL" value="https://www.sainsburys.co.uk/webapp/wcs/stores/servlet/PromotionDisplayView?listId=2&amp;catalogId=10241&amp;productId=1117540&amp;langId=44&amp;storeId=10151&amp;promotionId=10669742">
    <input type="hidden" name="page" value="">
    <input type="hidden" name="contractId" value="">
    <input type="hidden" name="calculateOrder" value="1">
    <input type="hidden" name="calculationUsage" value="-1,-2,-3">
    <input type="hidden" name="updateable" value="1">
    <input type="hidden" name="merge" value="***">

                                  
            <input type="hidden" id="updateUrl_875716" updateurlchild_875717="AjaxOrderItemUpdate?calculateOrder=1&amp;itemType=&amp;ordItemUpdateFlag=0&amp;orderId=.&amp;updatePrices=1&amp;authToken=-1002%252C3jIiHU%252F3lFc4jalpGDAhYOztAdQ%253D&amp;calculationUsage=-1,-2,-3&amp;storeId=10151&amp;errorViewName=AjaxQuickCartDisplay&amp;URL=AjaxQuickCartDisplay&amp;catEntryId=875717&amp;orderItemId_0=&amp;UOM_0=&amp;langId=44&amp;quantity_0=1">
            <input type="hidden" id="removeUrl_875716" removeurlchild_875717="AjaxOrderItemUpdate?calculateOrder=1&amp;itemType=&amp;productId=&amp;ordItemUpdateFlag=2&amp;orderId=.&amp;updatePrices=1&amp;authToken=-1002%252C3jIiHU%252F3lFc4jalpGDAhYOztAdQ%253D&amp;calculationUsage=-1,-2,-3&amp;storeId=10151&amp;errorViewName=AjaxQuickCartDisplay&amp;URL=AjaxQuickCartDisplay&amp;catEntryId=875717&amp;productSKU=&amp;orderItemId_0=&amp;qtyDecremented=true&amp;langId=44&amp;quantity_0=0">           
         
       <input type="hidden" name="callAjax" value="false">
       
    
    <div class="add2Cart " id="addQtyPanelProduct_875716">    
        
            <a class="button process addQty  " id="addQty_875716" href="#">
                Add
            </a>

            <input type="hidden" name="Add" value="Add">
        
    </div>

</form>
<!-- END AddToTrolley.jsp -->
                                    </div>  
                                
                    </div><!-- END priceTabContainer Add container --><!-- Subscribe container --><!-- Start AddToSubscriptionList.jspf --><!-- Start AddToSubscriptionList.jsp --><!-- End AddToSubscriptionList.jsp --><!-- End AddToSubscriptionList.jspf --> 
                </div>  
            </div>  
        </div>
    </div>     
    </div> 
    <div id="additionalItems_875717" class="additionalItems">
        <!-- BEGIN MerchandisingAssociationsDisplay.jsp --><!-- Start - JSP File Name:  MerchandisingAssociationsDisplay.jsp --><!-- END MerchandisingAssociationsDisplay.jsp -->  
    </div> 

<!-- END CatalogEntryThumbnailDisplay.jsp -->
                            </li>
                        
                            <li>
                                
                                                <div class="trolleySummary"><p class="saving">
                                                         <!-- %@ include file="../../include/PromotionStrapline.jspf"% -->
                                                </p></div>
                                            
                                                <div class="trolleySummary"><p class="saving">
                                                         <!-- %@ include file="../../include/PromotionStrapline.jspf"% -->
                                                </p></div>
                                            
                                                <div class="trolleySummary"><p class="saving">
                                                         <!-- %@ include file="../../include/PromotionStrapline.jspf"% -->
                                                </p></div>
                                            <!-- BEGIN CatalogEntryThumbnailDisplay.jsp -->
    <div class="product ">
        
        <div class="errorBanner hidden" id="error1505830"></div>
                        
        
        <div class="productInner">
            <div class="productInfoWrapper">
                <div class="productInfo">
                    
                            <h3>
                                <a href="https://www.sainsburys.co.uk/shop/gb/groceries/product/details/sainsburys-sausage-roll-90g">
                                    Sainsbury's Sausage Roll 90g
                                    <img src="https://assets.sainsburys-groceries.co.uk/gol/8172326/image.jpg" alt="">
                                </a>
                            </h3>
                        
<div class="promotion">

                        <p>
                            <a strapline="Meal Deal for Â£5.00 | 8172326" href="https://www.sainsburys.co.uk/shop/PromotionDisplayView?listId=2&amp;catalogId=10241&amp;productId=1505830&amp;langId=44&amp;storeId=10151&amp;promotionId=10664136"><!-- BEGIN include/PromotionStrapline.jspf -->Meal Deal for Â£5.00<br>

<!-- FINISH include/PromotionStrapline.jspf -->
                            </a>
                        </p>
                    
                        <p>
                            <a strapline="Meal Deal for Â£3.75 | 8172326" href="https://www.sainsburys.co.uk/shop/PromotionDisplayView?listId=2&amp;catalogId=10241&amp;productId=1505830&amp;langId=44&amp;storeId=10151&amp;promotionId=10669742">PLUS <!-- BEGIN include/PromotionStrapline.jspf -->Meal Deal for Â£3.75<br>

<!-- FINISH include/PromotionStrapline.jspf -->
                            </a>
                        </p>
                                
</div>

                    <div class="ThumbnailRoundel">
                    <!--ThumbnailRoundel --> 
                    </div>
                    <div class="promoBages">
                        <!-- PROMOTION -->
                    </div>


                    <!-- Review --><!-- BEGIN CatalogEntryRatingsReviewsInfo.jspf --><!-- productAllowedRatingsAndReviews: true -->
<div class="reviews">

    <a class="numberOfReviews" href="https://www.sainsburys.co.uk/shop/gb/groceries/product/details/sainsburys-sausage-roll-90g">
        <img src="//www.sainsburys.co.uk/wcsstore7.137.2/SainsburysStorefrontAssetStore/img/stars/rating-3_7.gif" alt="3.6875" border="0">&nbsp; 
        Reviews (16)
    </a>

</div>
<!-- END CatalogEntryRatingsReviewsInfo.jspf -->
                </div>
                <!--ThumbnailRestriction -->
            </div>
            
            <div class="addToTrolleytabBox">
            <!-- addToTrolleytabBox LIST VIEW--><!-- Start UserSubscribedOrNot.jspf --><!-- Start UserSubscribedOrNot.jsp --><!-- 
    If the user is not logged in, render this opening 
    DIV adding an addtional class to fix the border top which is removed 
    and replaced by the tabs
-->
<div class="addToTrolleytabContainer addItemBorderTop">
<!-- End AddToSubscriptionList.jsp --><!-- End AddSubscriptionList.jspf --><!-- 
                    ATTENTION!!!
                    <div class="addToTrolleytabContainer">
                    This opening div is inside "../../ReusableObjects/UserSubscribedOrNot.jsp"
                    -->
                <div class="pricingAndTrolleyOptions">  
                    <div class="priceTab activeContainer priceTabContainer" id="addItem_1505831"> 
                        <div class="pricing">
                            
<p class="pricePerUnit">
Â£1.30 
</p>

<p class="pricePerMeasure">Â£1.44<abbr title="per">/</abbr>100<abbr title="gram"><span class="pricePerMeasureMeasure">g</span></abbr>
</p>

                                
                        </div>  
                          
                                    <div class="addToTrolleyForm ">   
                                        <!-- BEGIN AddToTrolley.jsp --><!-- fire an on add to bag here from  -->

<form class="addToTrolleyForm" name="OrderItemAddForm_1505830" action="OrderItemAdd" method="post" id="OrderItemAddForm_1505830">
    <input type="hidden" name="storeId" value="10151">
    <input type="hidden" name="langId" value="44">
    <input type="hidden" name="catalogId" value="10241">
    <input type="hidden" name="authToken" id="authToken1505830" value="-1002%2C3jIiHU%2F3lFc4jalpGDAhYOztAdQ%3D">
    
    
    <input type="hidden" name="errorViewName" value="PromotionDisplayView">
    <input type="hidden" name="SKU_ID" value="8172326">
    <input type="hidden" name="itemType" value="">
    <input type="hidden" name="parentSKU" value="">
    
    
       <input type="hidden" id="productCatentryId_1505831" value="1505830">
       <input type="hidden" id="catEntryId_1505830" value="1505831">
       <input type="hidden" name="ItemSKU_ID" value="8172326">
     
        
        <div class="quantity hidden" id="updateQtyPanelProduct_1505830" data-qty="">
            <ul>
                <li>
                    <a class="button decreaseQty " id="decreaseQty_1505830" href="#">-</a> 
                </li>
                <li>	
                    <label class="access" for="quantity_1505830">Quantity</label>						
                    <a href="#" class="button quantityPlp  " id="quantityUpdate_1505830">
                        </a>
                    <input name="quantity" id="quantity_1505830" type="hidden" size="3" value="" class="quantity">		        
                </li>
                <li>
                    
                    <a class="button increaseQty " id="increaseQty_1505830" href="#">+</a>
                </li>
            </ul>
        </div>				
            
        
            <input type="hidden" name="catEntryId" value="1505831">
        

        <input type="hidden" name="productId" value="1505830">
        

    <input type="hidden" name="URL" value="https://www.sainsburys.co.uk/webapp/wcs/stores/servlet/PromotionDisplayView?listId=2&amp;catalogId=10241&amp;productId=1117540&amp;langId=44&amp;storeId=10151&amp;promotionId=10669742">
    <input type="hidden" name="page" value="">
    <input type="hidden" name="contractId" value="">
    <input type="hidden" name="calculateOrder" value="1">
    <input type="hidden" name="calculationUsage" value="-1,-2,-3">
    <input type="hidden" name="updateable" value="1">
    <input type="hidden" name="merge" value="***">

                                  
            <input type="hidden" id="updateUrl_1505830" updateurlchild_1505831="AjaxOrderItemUpdate?calculateOrder=1&amp;itemType=&amp;ordItemUpdateFlag=0&amp;orderId=.&amp;updatePrices=1&amp;authToken=-1002%252C3jIiHU%252F3lFc4jalpGDAhYOztAdQ%253D&amp;calculationUsage=-1,-2,-3&amp;storeId=10151&amp;errorViewName=AjaxQuickCartDisplay&amp;URL=AjaxQuickCartDisplay&amp;catEntryId=1505831&amp;orderItemId_0=&amp;UOM_0=&amp;langId=44&amp;quantity_0=1">
            <input type="hidden" id="removeUrl_1505830" removeurlchild_1505831="AjaxOrderItemUpdate?calculateOrder=1&amp;itemType=&amp;productId=&amp;ordItemUpdateFlag=2&amp;orderId=.&amp;updatePrices=1&amp;authToken=-1002%252C3jIiHU%252F3lFc4jalpGDAhYOztAdQ%253D&amp;calculationUsage=-1,-2,-3&amp;storeId=10151&amp;errorViewName=AjaxQuickCartDisplay&amp;URL=AjaxQuickCartDisplay&amp;catEntryId=1505831&amp;productSKU=&amp;orderItemId_0=&amp;qtyDecremented=true&amp;langId=44&amp;quantity_0=0">           
         
       <input type="hidden" name="callAjax" value="false">
       
    
    <div class="add2Cart " id="addQtyPanelProduct_1505830">    
        
            <a class="button process addQty  " id="addQty_1505830" href="#">
                Add
            </a>

            <input type="hidden" name="Add" value="Add">
        
    </div>

</form>
<!-- END AddToTrolley.jsp -->
                                    </div>  
                                
                    </div><!-- END priceTabContainer Add container --><!-- Subscribe container --><!-- Start AddToSubscriptionList.jspf --><!-- Start AddToSubscriptionList.jsp --><!-- End AddToSubscriptionList.jsp --><!-- End AddToSubscriptionList.jspf --> 
                </div>  
            </div>  
        </div>
    </div>     
    </div> 
    <div id="additionalItems_1505831" class="additionalItems">
        <!-- BEGIN MerchandisingAssociationsDisplay.jsp --><!-- Start - JSP File Name:  MerchandisingAssociationsDisplay.jsp --><!-- END MerchandisingAssociationsDisplay.jsp -->  
    </div> 

<!-- END CatalogEntryThumbnailDisplay.jsp -->
                            </li>
                        
                            <li>
                                
                                                <div class="trolleySummary"><p class="saving">
                                                         <!-- %@ include file="../../include/PromotionStrapline.jspf"% -->
                                                </p></div>
                                            
                                                <div class="trolleySummary"><p class="saving">
                                                         <!-- %@ include file="../../include/PromotionStrapline.jspf"% -->
                                                </p></div>
                                            
                                                <div class="trolleySummary"><p class="saving">
                                                         <!-- %@ include file="../../include/PromotionStrapline.jspf"% -->
                                                </p></div>
                                            <!-- BEGIN CatalogEntryThumbnailDisplay.jsp -->
    <div class="product ">
        
        <div class="errorBanner hidden" id="error1451926"></div>
                        
        
        <div class="productInner">
            <div class="productInfoWrapper">
                <div class="productInfo">
                    
                            <h3>
                                <a href="https://www.sainsburys.co.uk/shop/gb/groceries/product/details/walkers-less-salt-lightly-salted-crisps-45g">
                                    Walkers Less Salt Lightly Salted Crisps 45g
                                    <img src="https://assets.sainsburys-groceries.co.uk/gol/8120205/image.jpg" alt="">
                                </a>
                            </h3>
                        
<div class="promotion">

                        <p>
                            <a strapline="Meal Deal for Â£5.00 | 8120205" href="https://www.sainsburys.co.uk/shop/PromotionDisplayView?listId=2&amp;catalogId=10241&amp;productId=1451926&amp;langId=44&amp;storeId=10151&amp;promotionId=10664136"><!-- BEGIN include/PromotionStrapline.jspf -->Meal Deal for Â£5.00<br>

<!-- FINISH include/PromotionStrapline.jspf -->
                            </a>
                        </p>
                    
                        <p>
                            <a strapline="Meal Deal for Â£3.75 | 8120205" href="https://www.sainsburys.co.uk/shop/PromotionDisplayView?listId=2&amp;catalogId=10241&amp;productId=1451926&amp;langId=44&amp;storeId=10151&amp;promotionId=10669742">PLUS <!-- BEGIN include/PromotionStrapline.jspf -->Meal Deal for Â£3.75<br>

<!-- FINISH include/PromotionStrapline.jspf -->
                            </a>
                        </p>
                                
</div>

                    <div class="ThumbnailRoundel">
                    <!--ThumbnailRoundel --> 
                    </div>
                    <div class="promoBages">
                        <!-- PROMOTION -->
                    </div>


                    <!-- Review --><!-- BEGIN CatalogEntryRatingsReviewsInfo.jspf --><!-- productAllowedRatingsAndReviews: true -->
<div class="reviews">

    <a class="numberOfReviews" href="https://www.sainsburys.co.uk/shop/gb/groceries/product/details/walkers-less-salt-lightly-salted-crisps-45g">
        <img src="//www.sainsburys.co.uk/wcsstore7.137.2/SainsburysStorefrontAssetStore/img/stars/rating-4_7.gif" alt="4.6538" border="0">&nbsp; 
        Reviews (26)
    </a>

</div>
<!-- END CatalogEntryRatingsReviewsInfo.jspf -->
                </div>
                <!--ThumbnailRestriction -->
            </div>
            
            <div class="addToTrolleytabBox">
            <!-- addToTrolleytabBox LIST VIEW--><!-- Start UserSubscribedOrNot.jspf --><!-- Start UserSubscribedOrNot.jsp --><!-- 
    If the user is not logged in, render this opening 
    DIV adding an addtional class to fix the border top which is removed 
    and replaced by the tabs
-->
<div class="addToTrolleytabContainer addItemBorderTop">
<!-- End AddToSubscriptionList.jsp --><!-- End AddSubscriptionList.jspf --><!-- 
                    ATTENTION!!!
                    <div class="addToTrolleytabContainer">
                    This opening div is inside "../../ReusableObjects/UserSubscribedOrNot.jsp"
                    -->
                <div class="pricingAndTrolleyOptions">  
                    <div class="priceTab activeContainer priceTabContainer" id="addItem_1451927"> 
                        <div class="pricing">
                            
<p class="pricePerUnit">
Â£1.10 
</p>

<p class="pricePerMeasure">Â£2.44<abbr title="per">/</abbr>100<abbr title="gram"><span class="pricePerMeasureMeasure">g</span></abbr>
</p>

                                
                        </div>  
                          
                                    <div class="addToTrolleyForm ">   
                                        <!-- BEGIN AddToTrolley.jsp --><!-- fire an on add to bag here from  -->

<form class="addToTrolleyForm" name="OrderItemAddForm_1451926" action="OrderItemAdd" method="post" id="OrderItemAddForm_1451926">
    <input type="hidden" name="storeId" value="10151">
    <input type="hidden" name="langId" value="44">
    <input type="hidden" name="catalogId" value="10241">
    <input type="hidden" name="authToken" id="authToken1451926" value="-1002%2C3jIiHU%2F3lFc4jalpGDAhYOztAdQ%3D">
    
    
    <input type="hidden" name="errorViewName" value="PromotionDisplayView">
    <input type="hidden" name="SKU_ID" value="8120205">
    <input type="hidden" name="itemType" value="">
    <input type="hidden" name="parentSKU" value="">
    
    
       <input type="hidden" id="productCatentryId_1451927" value="1451926">
       <input type="hidden" id="catEntryId_1451926" value="1451927">
       <input type="hidden" name="ItemSKU_ID" value="8120205">
     
        
        <div class="quantity hidden" id="updateQtyPanelProduct_1451926" data-qty="">
            <ul>
                <li>
                    <a class="button decreaseQty " id="decreaseQty_1451926" href="#">-</a> 
                </li>
                <li>	
                    <label class="access" for="quantity_1451926">Quantity</label>						
                    <a href="#" class="button quantityPlp  " id="quantityUpdate_1451926">
                        </a>
                    <input name="quantity" id="quantity_1451926" type="hidden" size="3" value="" class="quantity">		        
                </li>
                <li>
                    
                    <a class="button increaseQty " id="increaseQty_1451926" href="#">+</a>
                </li>
            </ul>
        </div>				
            
        
            <input type="hidden" name="catEntryId" value="1451927">
        

        <input type="hidden" name="productId" value="1451926">
        

    <input type="hidden" name="URL" value="https://www.sainsburys.co.uk/webapp/wcs/stores/servlet/PromotionDisplayView?listId=2&amp;catalogId=10241&amp;productId=1117540&amp;langId=44&amp;storeId=10151&amp;promotionId=10669742">
    <input type="hidden" name="page" value="">
    <input type="hidden" name="contractId" value="">
    <input type="hidden" name="calculateOrder" value="1">
    <input type="hidden" name="calculationUsage" value="-1,-2,-3">
    <input type="hidden" name="updateable" value="1">
    <input type="hidden" name="merge" value="***">

                                  
            <input type="hidden" id="updateUrl_1451926" updateurlchild_1451927="AjaxOrderItemUpdate?calculateOrder=1&amp;itemType=&amp;ordItemUpdateFlag=0&amp;orderId=.&amp;updatePrices=1&amp;authToken=-1002%252C3jIiHU%252F3lFc4jalpGDAhYOztAdQ%253D&amp;calculationUsage=-1,-2,-3&amp;storeId=10151&amp;errorViewName=AjaxQuickCartDisplay&amp;URL=AjaxQuickCartDisplay&amp;catEntryId=1451927&amp;orderItemId_0=&amp;UOM_0=&amp;langId=44&amp;quantity_0=1">
            <input type="hidden" id="removeUrl_1451926" removeurlchild_1451927="AjaxOrderItemUpdate?calculateOrder=1&amp;itemType=&amp;productId=&amp;ordItemUpdateFlag=2&amp;orderId=.&amp;updatePrices=1&amp;authToken=-1002%252C3jIiHU%252F3lFc4jalpGDAhYOztAdQ%253D&amp;calculationUsage=-1,-2,-3&amp;storeId=10151&amp;errorViewName=AjaxQuickCartDisplay&amp;URL=AjaxQuickCartDisplay&amp;catEntryId=1451927&amp;productSKU=&amp;orderItemId_0=&amp;qtyDecremented=true&amp;langId=44&amp;quantity_0=0">           
         
       <input type="hidden" name="callAjax" value="false">
       
    
    <div class="add2Cart " id="addQtyPanelProduct_1451926">    
        
            <a class="button process addQty  " id="addQty_1451926" href="#">
                Add
            </a>

            <input type="hidden" name="Add" value="Add">
        
    </div>

</form>
<!-- END AddToTrolley.jsp -->
                                    </div>  
                                
                    </div><!-- END priceTabContainer Add container --><!-- Subscribe container --><!-- Start AddToSubscriptionList.jspf --><!-- Start AddToSubscriptionList.jsp --><!-- End AddToSubscriptionList.jsp --><!-- End AddToSubscriptionList.jspf --> 
                </div>  
            </div>  
        </div>
    </div>     
    </div> 
    <div id="additionalItems_1451927" class="additionalItems">
        <!-- BEGIN MerchandisingAssociationsDisplay.jsp --><!-- Start - JSP File Name:  MerchandisingAssociationsDisplay.jsp --><!-- END MerchandisingAssociationsDisplay.jsp -->  
    </div> 

<!-- END CatalogEntryThumbnailDisplay.jsp -->
                            </li>
                        
                            <li>
                                
                                                <div class="trolleySummary"><p class="saving">
                                                         <!-- %@ include file="../../include/PromotionStrapline.jspf"% -->
                                                </p></div>
                                            
                                                <div class="trolleySummary"><p class="saving">
                                                         <!-- %@ include file="../../include/PromotionStrapline.jspf"% -->
                                                </p></div>
                                            
                                                <div class="trolleySummary"><p class="saving">
                                                         <!-- %@ include file="../../include/PromotionStrapline.jspf"% -->
                                                </p></div>
                                            <!-- BEGIN CatalogEntryThumbnailDisplay.jsp -->
    <div class="product ">
        
        <div class="errorBanner hidden" id="error1481104"></div>
                        
        
        <div class="productInner">
            <div class="productInfoWrapper">
                <div class="productInfo">
                    
                            <h3>
                                <a href="https://www.sainsburys.co.uk/shop/gb/groceries/product/details/mccoys-ridge-cut-cheddar-onion-flavour-potato-crisps-45g">
                                    McCoy's Ridge Cut Cheddar &amp; Onion Flavour Potato Crisps 45g
                                    <img src="https://assets.sainsburys-groceries.co.uk/gol/8152056/image.jpg" alt="">
                                </a>
                            </h3>
                        
<div class="promotion">

                        <p>
                            <a strapline="Meal Deal for Â£5.00 | 8152056" href="https://www.sainsburys.co.uk/shop/PromotionDisplayView?listId=2&amp;catalogId=10241&amp;productId=1481104&amp;langId=44&amp;storeId=10151&amp;promotionId=10664136"><!-- BEGIN include/PromotionStrapline.jspf -->Meal Deal for Â£5.00<br>

<!-- FINISH include/PromotionStrapline.jspf -->
                            </a>
                        </p>
                    
                        <p>
                            <a strapline="Meal Deal for Â£3.75 | 8152056" href="https://www.sainsburys.co.uk/shop/PromotionDisplayView?listId=2&amp;catalogId=10241&amp;productId=1481104&amp;langId=44&amp;storeId=10151&amp;promotionId=10669742">PLUS <!-- BEGIN include/PromotionStrapline.jspf -->Meal Deal for Â£3.75<br>

<!-- FINISH include/PromotionStrapline.jspf -->
                            </a>
                        </p>
                                
</div>

                    <div class="ThumbnailRoundel">
                    <!--ThumbnailRoundel --> 
                    </div>
                    <div class="promoBages">
                        <!-- PROMOTION -->
                    </div>


                    <!-- Review --><!-- BEGIN CatalogEntryRatingsReviewsInfo.jspf --><!-- productAllowedRatingsAndReviews: true -->
<div class="reviews">

    <a class="numberOfReviews" href="https://www.sainsburys.co.uk/shop/gb/groceries/product/details/mccoys-ridge-cut-cheddar-onion-flavour-potato-crisps-45g">
        <img src="//www.sainsburys.co.uk/wcsstore7.137.2/SainsburysStorefrontAssetStore/img/stars/rating-4_9.gif" alt="4.9231" border="0">&nbsp; 
        Reviews (13)
    </a>

</div>
<!-- END CatalogEntryRatingsReviewsInfo.jspf -->
                </div>
                <!--ThumbnailRestriction -->
            </div>
            
            <div class="addToTrolleytabBox">
            <!-- addToTrolleytabBox LIST VIEW--><!-- Start UserSubscribedOrNot.jspf --><!-- Start UserSubscribedOrNot.jsp --><!-- 
    If the user is not logged in, render this opening 
    DIV adding an addtional class to fix the border top which is removed 
    and replaced by the tabs
-->
<div class="addToTrolleytabContainer addItemBorderTop">
<!-- End AddToSubscriptionList.jsp --><!-- End AddSubscriptionList.jspf --><!-- 
                    ATTENTION!!!
                    <div class="addToTrolleytabContainer">
                    This opening div is inside "../../ReusableObjects/UserSubscribedOrNot.jsp"
                    -->
                <div class="pricingAndTrolleyOptions">  
                    <div class="priceTab activeContainer priceTabContainer" id="addItem_1481105"> 
                        <div class="pricing">
                            
<p class="pricePerUnit">
Â£1.10 
</p>

<p class="pricePerMeasure">Â£2.44<abbr title="per">/</abbr>100<abbr title="gram"><span class="pricePerMeasureMeasure">g</span></abbr>
</p>

                                
                        </div>  
                          
                                    <div class="addToTrolleyForm ">   
                                        <!-- BEGIN AddToTrolley.jsp --><!-- fire an on add to bag here from  -->

<form class="addToTrolleyForm" name="OrderItemAddForm_1481104" action="OrderItemAdd" method="post" id="OrderItemAddForm_1481104">
    <input type="hidden" name="storeId" value="10151">
    <input type="hidden" name="langId" value="44">
    <input type="hidden" name="catalogId" value="10241">
    <input type="hidden" name="authToken" id="authToken1481104" value="-1002%2C3jIiHU%2F3lFc4jalpGDAhYOztAdQ%3D">
    
    
    <input type="hidden" name="errorViewName" value="PromotionDisplayView">
    <input type="hidden" name="SKU_ID" value="8152056">
    <input type="hidden" name="itemType" value="">
    <input type="hidden" name="parentSKU" value="">
    
    
       <input type="hidden" id="productCatentryId_1481105" value="1481104">
       <input type="hidden" id="catEntryId_1481104" value="1481105">
       <input type="hidden" name="ItemSKU_ID" value="8152056">
     
        
        <div class="quantity hidden" id="updateQtyPanelProduct_1481104" data-qty="">
            <ul>
                <li>
                    <a class="button decreaseQty " id="decreaseQty_1481104" href="#">-</a> 
                </li>
                <li>	
                    <label class="access" for="quantity_1481104">Quantity</label>						
                    <a href="#" class="button quantityPlp  " id="quantityUpdate_1481104">
                        </a>
                    <input name="quantity" id="quantity_1481104" type="hidden" size="3" value="" class="quantity">		        
                </li>
                <li>
                    
                    <a class="button increaseQty " id="increaseQty_1481104" href="#">+</a>
                </li>
            </ul>
        </div>				
            
        
            <input type="hidden" name="catEntryId" value="1481105">
        

        <input type="hidden" name="productId" value="1481104">
        

    <input type="hidden" name="URL" value="https://www.sainsburys.co.uk/webapp/wcs/stores/servlet/PromotionDisplayView?listId=2&amp;catalogId=10241&amp;productId=1117540&amp;langId=44&amp;storeId=10151&amp;promotionId=10669742">
    <input type="hidden" name="page" value="">
    <input type="hidden" name="contractId" value="">
    <input type="hidden" name="calculateOrder" value="1">
    <input type="hidden" name="calculationUsage" value="-1,-2,-3">
    <input type="hidden" name="updateable" value="1">
    <input type="hidden" name="merge" value="***">

                                  
            <input type="hidden" id="updateUrl_1481104" updateurlchild_1481105="AjaxOrderItemUpdate?calculateOrder=1&amp;itemType=&amp;ordItemUpdateFlag=0&amp;orderId=.&amp;updatePrices=1&amp;authToken=-1002%252C3jIiHU%252F3lFc4jalpGDAhYOztAdQ%253D&amp;calculationUsage=-1,-2,-3&amp;storeId=10151&amp;errorViewName=AjaxQuickCartDisplay&amp;URL=AjaxQuickCartDisplay&amp;catEntryId=1481105&amp;orderItemId_0=&amp;UOM_0=&amp;langId=44&amp;quantity_0=1">
            <input type="hidden" id="removeUrl_1481104" removeurlchild_1481105="AjaxOrderItemUpdate?calculateOrder=1&amp;itemType=&amp;productId=&amp;ordItemUpdateFlag=2&amp;orderId=.&amp;updatePrices=1&amp;authToken=-1002%252C3jIiHU%252F3lFc4jalpGDAhYOztAdQ%253D&amp;calculationUsage=-1,-2,-3&amp;storeId=10151&amp;errorViewName=AjaxQuickCartDisplay&amp;URL=AjaxQuickCartDisplay&amp;catEntryId=1481105&amp;productSKU=&amp;orderItemId_0=&amp;qtyDecremented=true&amp;langId=44&amp;quantity_0=0">           
         
       <input type="hidden" name="callAjax" value="false">
       
    
    <div class="add2Cart " id="addQtyPanelProduct_1481104">    
        
            <a class="button process addQty  " id="addQty_1481104" href="#">
                Add
            </a>

            <input type="hidden" name="Add" value="Add">
        
    </div>

</form>
<!-- END AddToTrolley.jsp -->
                                    </div>  
                                
                    </div><!-- END priceTabContainer Add container --><!-- Subscribe container --><!-- Start AddToSubscriptionList.jspf --><!-- Start AddToSubscriptionList.jsp --><!-- End AddToSubscriptionList.jsp --><!-- End AddToSubscriptionList.jspf --> 
                </div>  
            </div>  
        </div>
    </div>     
    </div> 
    <div id="additionalItems_1481105" class="additionalItems">
        <!-- BEGIN MerchandisingAssociationsDisplay.jsp --><!-- Start - JSP File Name:  MerchandisingAssociationsDisplay.jsp --><!-- END MerchandisingAssociationsDisplay.jsp -->  
    </div> 

<!-- END CatalogEntryThumbnailDisplay.jsp -->
                            </li>
                        
                            <li>
                                
                                                <div class="trolleySummary"><p class="saving">
                                                         <!-- %@ include file="../../include/PromotionStrapline.jspf"% -->
                                                </p></div>
                                            
                                                <div class="trolleySummary"><p class="saving">
                                                         <!-- %@ include file="../../include/PromotionStrapline.jspf"% -->
                                                </p></div>
                                            
                                                <div class="trolleySummary"><p class="saving">
                                                         <!-- %@ include file="../../include/PromotionStrapline.jspf"% -->
                                                </p></div>
                                            <!-- BEGIN CatalogEntryThumbnailDisplay.jsp -->
    <div class="product ">
        
        <div class="errorBanner hidden" id="error1414174"></div>
                        
        
        <div class="productInner">
            <div class="productInfoWrapper">
                <div class="productInfo">
                    
                            <h3>
                                <a href="https://www.sainsburys.co.uk/shop/gb/groceries/product/details/kinder-medium-chocolate-multipack-bars-2x21g">
                                    Kinder Medium Chocolate Multipack Bars 2x21g
                                    <img src="https://assets.sainsburys-groceries.co.uk/gol/8081836/image.jpg" alt="">
                                </a>
                            </h3>
                        
<div class="promotion">

                        <p>
                            <a strapline="Meal Deal for Â£5.00 | 8081836" href="https://www.sainsburys.co.uk/shop/PromotionDisplayView?listId=2&amp;catalogId=10241&amp;productId=1414174&amp;langId=44&amp;storeId=10151&amp;promotionId=10664136"><!-- BEGIN include/PromotionStrapline.jspf -->Meal Deal for Â£5.00<br>

<!-- FINISH include/PromotionStrapline.jspf -->
                            </a>
                        </p>
                    
                        <p>
                            <a strapline="Meal Deal for Â£3.75 | 8081836" href="https://www.sainsburys.co.uk/shop/PromotionDisplayView?listId=2&amp;catalogId=10241&amp;productId=1414174&amp;langId=44&amp;storeId=10151&amp;promotionId=10669742">PLUS <!-- BEGIN include/PromotionStrapline.jspf -->Meal Deal for Â£3.75<br>

<!-- FINISH include/PromotionStrapline.jspf -->
                            </a>
                        </p>
                                
</div>

                    <div class="ThumbnailRoundel">
                    <!--ThumbnailRoundel --> 
                    </div>
                    <div class="promoBages">
                        <!-- PROMOTION -->
                    </div>


                    <!-- Review --><!-- BEGIN CatalogEntryRatingsReviewsInfo.jspf --><!-- productAllowedRatingsAndReviews: true -->
<div class="reviews">

    <a class="numberOfReviews" href="https://www.sainsburys.co.uk/shop/gb/groceries/product/details/kinder-medium-chocolate-multipack-bars-2x21g">
        <img src="//www.sainsburys.co.uk/wcsstore7.137.2/SainsburysStorefrontAssetStore/img/stars/rating-4_5.gif" alt="4.5" border="0">&nbsp; 
        Reviews (2)
    </a>

</div>
<!-- END CatalogEntryRatingsReviewsInfo.jspf -->
                </div>
                <!--ThumbnailRestriction -->
            </div>
            
            <div class="addToTrolleytabBox">
            <!-- addToTrolleytabBox LIST VIEW--><!-- Start UserSubscribedOrNot.jspf --><!-- Start UserSubscribedOrNot.jsp --><!-- 
    If the user is not logged in, render this opening 
    DIV adding an addtional class to fix the border top which is removed 
    and replaced by the tabs
-->
<div class="addToTrolleytabContainer addItemBorderTop">
<!-- End AddToSubscriptionList.jsp --><!-- End AddSubscriptionList.jspf --><!-- 
                    ATTENTION!!!
                    <div class="addToTrolleytabContainer">
                    This opening div is inside "../../ReusableObjects/UserSubscribedOrNot.jsp"
                    -->
                <div class="pricingAndTrolleyOptions">  
                    <div class="priceTab activeContainer priceTabContainer" id="addItem_1414175"> 
                        <div class="pricing">
                            
<p class="pricePerUnit">
85p 
</p>

<p class="pricePerMeasure">Â£2.02<abbr title="per">/</abbr>100<abbr title="gram"><span class="pricePerMeasureMeasure">g</span></abbr>
</p>

                                
                        </div>  
                          
                                    <div class="addToTrolleyForm ">   
                                        <!-- BEGIN AddToTrolley.jsp --><!-- fire an on add to bag here from  -->

<form class="addToTrolleyForm" name="OrderItemAddForm_1414174" action="OrderItemAdd" method="post" id="OrderItemAddForm_1414174">
    <input type="hidden" name="storeId" value="10151">
    <input type="hidden" name="langId" value="44">
    <input type="hidden" name="catalogId" value="10241">
    <input type="hidden" name="authToken" id="authToken1414174" value="-1002%2C3jIiHU%2F3lFc4jalpGDAhYOztAdQ%3D">
    
    
    <input type="hidden" name="errorViewName" value="PromotionDisplayView">
    <input type="hidden" name="SKU_ID" value="8081836">
    <input type="hidden" name="itemType" value="">
    <input type="hidden" name="parentSKU" value="">
    
    
       <input type="hidden" id="productCatentryId_1414175" value="1414174">
       <input type="hidden" id="catEntryId_1414174" value="1414175">
       <input type="hidden" name="ItemSKU_ID" value="8081836">
     
        
        <div class="quantity hidden" id="updateQtyPanelProduct_1414174" data-qty="">
            <ul>
                <li>
                    <a class="button decreaseQty " id="decreaseQty_1414174" href="#">-</a> 
                </li>
                <li>	
                    <label class="access" for="quantity_1414174">Quantity</label>						
                    <a href="#" class="button quantityPlp  " id="quantityUpdate_1414174">
                        </a>
                    <input name="quantity" id="quantity_1414174" type="hidden" size="3" value="" class="quantity">		        
                </li>
                <li>
                    
                    <a class="button increaseQty " id="increaseQty_1414174" href="#">+</a>
                </li>
            </ul>
        </div>				
            
        
            <input type="hidden" name="catEntryId" value="1414175">
        

        <input type="hidden" name="productId" value="1414174">
        

    <input type="hidden" name="URL" value="https://www.sainsburys.co.uk/webapp/wcs/stores/servlet/PromotionDisplayView?listId=2&amp;catalogId=10241&amp;productId=1117540&amp;langId=44&amp;storeId=10151&amp;promotionId=10669742">
    <input type="hidden" name="page" value="">
    <input type="hidden" name="contractId" value="">
    <input type="hidden" name="calculateOrder" value="1">
    <input type="hidden" name="calculationUsage" value="-1,-2,-3">
    <input type="hidden" name="updateable" value="1">
    <input type="hidden" name="merge" value="***">

                                  
            <input type="hidden" id="updateUrl_1414174" updateurlchild_1414175="AjaxOrderItemUpdate?calculateOrder=1&amp;itemType=&amp;ordItemUpdateFlag=0&amp;orderId=.&amp;updatePrices=1&amp;authToken=-1002%252C3jIiHU%252F3lFc4jalpGDAhYOztAdQ%253D&amp;calculationUsage=-1,-2,-3&amp;storeId=10151&amp;errorViewName=AjaxQuickCartDisplay&amp;URL=AjaxQuickCartDisplay&amp;catEntryId=1414175&amp;orderItemId_0=&amp;UOM_0=&amp;langId=44&amp;quantity_0=1">
            <input type="hidden" id="removeUrl_1414174" removeurlchild_1414175="AjaxOrderItemUpdate?calculateOrder=1&amp;itemType=&amp;productId=&amp;ordItemUpdateFlag=2&amp;orderId=.&amp;updatePrices=1&amp;authToken=-1002%252C3jIiHU%252F3lFc4jalpGDAhYOztAdQ%253D&amp;calculationUsage=-1,-2,-3&amp;storeId=10151&amp;errorViewName=AjaxQuickCartDisplay&amp;URL=AjaxQuickCartDisplay&amp;catEntryId=1414175&amp;productSKU=&amp;orderItemId_0=&amp;qtyDecremented=true&amp;langId=44&amp;quantity_0=0">           
         
       <input type="hidden" name="callAjax" value="false">
       
    
    <div class="add2Cart " id="addQtyPanelProduct_1414174">    
        
            <a class="button process addQty  " id="addQty_1414174" href="#">
                Add
            </a>

            <input type="hidden" name="Add" value="Add">
        
    </div>

</form>
<!-- END AddToTrolley.jsp -->
                                    </div>  
                                
                    </div><!-- END priceTabContainer Add container --><!-- Subscribe container --><!-- Start AddToSubscriptionList.jspf --><!-- Start AddToSubscriptionList.jsp --><!-- End AddToSubscriptionList.jsp --><!-- End AddToSubscriptionList.jspf --> 
                </div>  
            </div>  
        </div>
    </div>     
    </div> 
    <div id="additionalItems_1414175" class="additionalItems">
        <!-- BEGIN MerchandisingAssociationsDisplay.jsp --><!-- Start - JSP File Name:  MerchandisingAssociationsDisplay.jsp --><!-- END MerchandisingAssociationsDisplay.jsp -->  
    </div> 

<!-- END CatalogEntryThumbnailDisplay.jsp -->
                            </li>
                        
                            <li>
                                
                                                <div class="trolleySummary"><p class="saving">
                                                         <!-- %@ include file="../../include/PromotionStrapline.jspf"% -->
                                                </p></div>
                                            
                                                <div class="trolleySummary"><p class="saving">
                                                         <!-- %@ include file="../../include/PromotionStrapline.jspf"% -->
                                                </p></div>
                                            
                                                <div class="trolleySummary"><p class="saving">
                                                         <!-- %@ include file="../../include/PromotionStrapline.jspf"% -->
                                                </p></div>
                                            <!-- BEGIN CatalogEntryThumbnailDisplay.jsp -->
    <div class="product ">
        
        <div class="errorBanner hidden" id="error1444432"></div>
                        
        
        <div class="productInner">
            <div class="productInfoWrapper">
                <div class="productInfo">
                    
                            <h3>
                                <a href="https://www.sainsburys.co.uk/shop/gb/groceries/product/details/fridge-raiders-southern-style-chicken-bites-meal-deal-50g">
                                    Fridge Raiders Southern Style Chicken Bites Meal Deal 45g
                                    <img src="https://assets.sainsburys-groceries.co.uk/gol/8115060/image.jpg" alt="">
                                </a>
                            </h3>
                        
<div class="promotion">

                        <p>
                            <a strapline="Meal Deal for Â£5.00 | 8115060" href="https://www.sainsburys.co.uk/shop/PromotionDisplayView?listId=2&amp;catalogId=10241&amp;productId=1444432&amp;langId=44&amp;storeId=10151&amp;promotionId=10664136"><!-- BEGIN include/PromotionStrapline.jspf -->Meal Deal for Â£5.00<br>

<!-- FINISH include/PromotionStrapline.jspf -->
                            </a>
                        </p>
                    
                        <p>
                            <a strapline="Meal Deal for Â£3.75 | 8115060" href="https://www.sainsburys.co.uk/shop/PromotionDisplayView?listId=2&amp;catalogId=10241&amp;productId=1444432&amp;langId=44&amp;storeId=10151&amp;promotionId=10669742">PLUS <!-- BEGIN include/PromotionStrapline.jspf -->Meal Deal for Â£3.75<br>

<!-- FINISH include/PromotionStrapline.jspf -->
                            </a>
                        </p>
                                
</div>

                    <div class="ThumbnailRoundel">
                    <!--ThumbnailRoundel --> 
                    </div>
                    <div class="promoBages">
                        <!-- PROMOTION -->
                    </div>


                    <!-- Review --><!-- BEGIN CatalogEntryRatingsReviewsInfo.jspf --><!-- productAllowedRatingsAndReviews: true -->
<div class="reviews">

    <a class="numberOfReviews" href="https://www.sainsburys.co.uk/shop/gb/groceries/product/details/fridge-raiders-southern-style-chicken-bites-meal-deal-50g">
        <img src="//www.sainsburys.co.uk/wcsstore7.137.2/SainsburysStorefrontAssetStore/img/stars/rating-4_3.gif" alt="4.3125" border="0">&nbsp; 
        Reviews (48)
    </a>

</div>
<!-- END CatalogEntryRatingsReviewsInfo.jspf -->
                </div>
                <!--ThumbnailRestriction -->
            </div>
            
            <div class="addToTrolleytabBox">
            <!-- addToTrolleytabBox LIST VIEW--><!-- Start UserSubscribedOrNot.jspf --><!-- Start UserSubscribedOrNot.jsp --><!-- 
    If the user is not logged in, render this opening 
    DIV adding an addtional class to fix the border top which is removed 
    and replaced by the tabs
-->
<div class="addToTrolleytabContainer addItemBorderTop">
<!-- End AddToSubscriptionList.jsp --><!-- End AddSubscriptionList.jspf --><!-- 
                    ATTENTION!!!
                    <div class="addToTrolleytabContainer">
                    This opening div is inside "../../ReusableObjects/UserSubscribedOrNot.jsp"
                    -->
                <div class="pricingAndTrolleyOptions">  
                    <div class="priceTab activeContainer priceTabContainer" id="addItem_1444433"> 
                        <div class="pricing">
                            
<p class="pricePerUnit">
Â£1.30 
</p>

<p class="pricePerMeasure">Â£2.89<abbr title="per">/</abbr>100<abbr title="gram"><span class="pricePerMeasureMeasure">g</span></abbr>
</p>

                                
                        </div>  
                          
                                    <div class="addToTrolleyForm ">   
                                        <!-- BEGIN AddToTrolley.jsp --><!-- fire an on add to bag here from  -->

<form class="addToTrolleyForm" name="OrderItemAddForm_1444432" action="OrderItemAdd" method="post" id="OrderItemAddForm_1444432">
    <input type="hidden" name="storeId" value="10151">
    <input type="hidden" name="langId" value="44">
    <input type="hidden" name="catalogId" value="10241">
    <input type="hidden" name="authToken" id="authToken1444432" value="-1002%2C3jIiHU%2F3lFc4jalpGDAhYOztAdQ%3D">
    
    
    <input type="hidden" name="errorViewName" value="PromotionDisplayView">
    <input type="hidden" name="SKU_ID" value="8115060">
    <input type="hidden" name="itemType" value="">
    <input type="hidden" name="parentSKU" value="">
    
    
       <input type="hidden" id="productCatentryId_1444433" value="1444432">
       <input type="hidden" id="catEntryId_1444432" value="1444433">
       <input type="hidden" name="ItemSKU_ID" value="8115060">
     
        
        <div class="quantity hidden" id="updateQtyPanelProduct_1444432" data-qty="">
            <ul>
                <li>
                    <a class="button decreaseQty " id="decreaseQty_1444432" href="#">-</a> 
                </li>
                <li>	
                    <label class="access" for="quantity_1444432">Quantity</label>						
                    <a href="#" class="button quantityPlp  " id="quantityUpdate_1444432">
                        </a>
                    <input name="quantity" id="quantity_1444432" type="hidden" size="3" value="" class="quantity">		        
                </li>
                <li>
                    
                    <a class="button increaseQty " id="increaseQty_1444432" href="#">+</a>
                </li>
            </ul>
        </div>				
            
        
            <input type="hidden" name="catEntryId" value="1444433">
        

        <input type="hidden" name="productId" value="1444432">
        

    <input type="hidden" name="URL" value="https://www.sainsburys.co.uk/webapp/wcs/stores/servlet/PromotionDisplayView?listId=2&amp;catalogId=10241&amp;productId=1117540&amp;langId=44&amp;storeId=10151&amp;promotionId=10669742">
    <input type="hidden" name="page" value="">
    <input type="hidden" name="contractId" value="">
    <input type="hidden" name="calculateOrder" value="1">
    <input type="hidden" name="calculationUsage" value="-1,-2,-3">
    <input type="hidden" name="updateable" value="1">
    <input type="hidden" name="merge" value="***">

                                  
            <input type="hidden" id="updateUrl_1444432" updateurlchild_1444433="AjaxOrderItemUpdate?calculateOrder=1&amp;itemType=&amp;ordItemUpdateFlag=0&amp;orderId=.&amp;updatePrices=1&amp;authToken=-1002%252C3jIiHU%252F3lFc4jalpGDAhYOztAdQ%253D&amp;calculationUsage=-1,-2,-3&amp;storeId=10151&amp;errorViewName=AjaxQuickCartDisplay&amp;URL=AjaxQuickCartDisplay&amp;catEntryId=1444433&amp;orderItemId_0=&amp;UOM_0=&amp;langId=44&amp;quantity_0=1">
            <input type="hidden" id="removeUrl_1444432" removeurlchild_1444433="AjaxOrderItemUpdate?calculateOrder=1&amp;itemType=&amp;productId=&amp;ordItemUpdateFlag=2&amp;orderId=.&amp;updatePrices=1&amp;authToken=-1002%252C3jIiHU%252F3lFc4jalpGDAhYOztAdQ%253D&amp;calculationUsage=-1,-2,-3&amp;storeId=10151&amp;errorViewName=AjaxQuickCartDisplay&amp;URL=AjaxQuickCartDisplay&amp;catEntryId=1444433&amp;productSKU=&amp;orderItemId_0=&amp;qtyDecremented=true&amp;langId=44&amp;quantity_0=0">           
         
       <input type="hidden" name="callAjax" value="false">
       
    
    <div class="add2Cart " id="addQtyPanelProduct_1444432">    
        
            <a class="button process addQty  " id="addQty_1444432" href="#">
                Add
            </a>

            <input type="hidden" name="Add" value="Add">
        
    </div>

</form>
<!-- END AddToTrolley.jsp -->
                                    </div>  
                                
                    </div><!-- END priceTabContainer Add container --><!-- Subscribe container --><!-- Start AddToSubscriptionList.jspf --><!-- Start AddToSubscriptionList.jsp --><!-- End AddToSubscriptionList.jsp --><!-- End AddToSubscriptionList.jspf --> 
                </div>  
            </div>  
        </div>
    </div>     
    </div> 
    <div id="additionalItems_1444433" class="additionalItems">
        <!-- BEGIN MerchandisingAssociationsDisplay.jsp --><!-- Start - JSP File Name:  MerchandisingAssociationsDisplay.jsp --><!-- END MerchandisingAssociationsDisplay.jsp -->  
    </div> 

<!-- END CatalogEntryThumbnailDisplay.jsp -->
                            </li>
                        
                            <li>
                                
                                                <div class="trolleySummary"><p class="saving">
                                                         <!-- %@ include file="../../include/PromotionStrapline.jspf"% -->
                                                </p></div>
                                            
                                                <div class="trolleySummary"><p class="saving">
                                                         <!-- %@ include file="../../include/PromotionStrapline.jspf"% -->
                                                </p></div>
                                            
                                                <div class="trolleySummary"><p class="saving">
                                                         <!-- %@ include file="../../include/PromotionStrapline.jspf"% -->
                                                </p></div>
                                            <!-- BEGIN CatalogEntryThumbnailDisplay.jsp -->
    <div class="product ">
        
        <div class="errorBanner hidden" id="error1506506"></div>
                        
        
        <div class="productInner">
            <div class="productInfoWrapper">
                <div class="productInfo">
                    
                            <h3>
                                <a href="https://www.sainsburys.co.uk/shop/gb/groceries/product/details/kp-snack-pack-dry-roasted-peanuts-30g">
                                    KP Roasted Peanuts Dry Snack Pack 30g
                                    <img src="https://assets.sainsburys-groceries.co.uk/gol/8173485/image.jpg" alt="">
                                </a>
                            </h3>
                        
<div class="promotion">

                        <p>
                            <a strapline="Only 70p: Save 40p | 8173485" href="https://www.sainsburys.co.uk/shop/PromotionDisplayView?catalogId=10241&amp;productId=1506506&amp;langId=44&amp;storeId=10151&amp;promotionId=10668598"><!-- BEGIN include/PromotionStrapline.jspf -->Only 70p: Save 40p<br>

<!-- FINISH include/PromotionStrapline.jspf -->
                            </a>
                        </p>
                    
                        <p>
                            <a strapline="Meal Deal for Â£5.00 | 8173485" href="https://www.sainsburys.co.uk/shop/PromotionDisplayView?listId=2&amp;catalogId=10241&amp;productId=1506506&amp;langId=44&amp;storeId=10151&amp;promotionId=10664136">PLUS <!-- BEGIN include/PromotionStrapline.jspf -->Meal Deal for Â£5.00<br>

<!-- FINISH include/PromotionStrapline.jspf -->
                            </a>
                        </p>
                    
                        <p>
                            <a strapline="Meal Deal for Â£3.75 | 8173485" href="https://www.sainsburys.co.uk/shop/PromotionDisplayView?listId=2&amp;catalogId=10241&amp;productId=1506506&amp;langId=44&amp;storeId=10151&amp;promotionId=10669742">PLUS <!-- BEGIN include/PromotionStrapline.jspf -->Meal Deal for Â£3.75<br>

<!-- FINISH include/PromotionStrapline.jspf -->
                            </a>
                        </p>
                                
</div>

                    <div class="ThumbnailRoundel">
                    <!--ThumbnailRoundel --> 
                    </div>
                    <div class="promoBages">
                        <!-- PROMOTION -->
                    </div>


                    <!-- Review --><!-- BEGIN CatalogEntryRatingsReviewsInfo.jspf --><!-- productAllowedRatingsAndReviews: true -->
<div class="reviews">

    <a class="numberOfReviews" href="https://www.sainsburys.co.uk/shop/gb/groceries/product/details/kp-snack-pack-dry-roasted-peanuts-30g">
        <img src="//www.sainsburys.co.uk/wcsstore7.137.2/SainsburysStorefrontAssetStore/img/stars/rating-4_0.gif" alt="4.0" border="0">&nbsp; 
        Reviews (1)
    </a>

</div>
<!-- END CatalogEntryRatingsReviewsInfo.jspf -->
                </div>
                <!--ThumbnailRestriction -->
            </div>
            
            <div class="addToTrolleytabBox">
            <!-- addToTrolleytabBox LIST VIEW--><!-- Start UserSubscribedOrNot.jspf --><!-- Start UserSubscribedOrNot.jsp --><!-- 
    If the user is not logged in, render this opening 
    DIV adding an addtional class to fix the border top which is removed 
    and replaced by the tabs
-->
<div class="addToTrolleytabContainer addItemBorderTop">
<!-- End AddToSubscriptionList.jsp --><!-- End AddSubscriptionList.jspf --><!-- 
                    ATTENTION!!!
                    <div class="addToTrolleytabContainer">
                    This opening div is inside "../../ReusableObjects/UserSubscribedOrNot.jsp"
                    -->
                <div class="pricingAndTrolleyOptions">  
                    <div class="priceTab activeContainer priceTabContainer" id="addItem_1506507"> 
                        <div class="pricing">
                            
<p class="pricePerUnit">
70p 
</p>

<p class="pricePerMeasure">Â£2.34<abbr title="per">/</abbr>100<abbr title="gram"><span class="pricePerMeasureMeasure">g</span></abbr>
</p>

                                
                        </div>  
                          
                                    <div class="addToTrolleyForm ">   
                                        <!-- BEGIN AddToTrolley.jsp --><!-- fire an on add to bag here from  -->

<form class="addToTrolleyForm" name="OrderItemAddForm_1506506" action="OrderItemAdd" method="post" id="OrderItemAddForm_1506506">
    <input type="hidden" name="storeId" value="10151">
    <input type="hidden" name="langId" value="44">
    <input type="hidden" name="catalogId" value="10241">
    <input type="hidden" name="authToken" id="authToken1506506" value="-1002%2C3jIiHU%2F3lFc4jalpGDAhYOztAdQ%3D">
    
    
    <input type="hidden" name="errorViewName" value="PromotionDisplayView">
    <input type="hidden" name="SKU_ID" value="8173485">
    <input type="hidden" name="itemType" value="">
    <input type="hidden" name="parentSKU" value="">
    
    
       <input type="hidden" id="productCatentryId_1506507" value="1506506">
       <input type="hidden" id="catEntryId_1506506" value="1506507">
       <input type="hidden" name="ItemSKU_ID" value="8173485">
     
        
        <div class="quantity hidden" id="updateQtyPanelProduct_1506506" data-qty="">
            <ul>
                <li>
                    <a class="button decreaseQty " id="decreaseQty_1506506" href="#">-</a> 
                </li>
                <li>	
                    <label class="access" for="quantity_1506506">Quantity</label>						
                    <a href="#" class="button quantityPlp  " id="quantityUpdate_1506506">
                        </a>
                    <input name="quantity" id="quantity_1506506" type="hidden" size="3" value="" class="quantity">		        
                </li>
                <li>
                    
                    <a class="button increaseQty " id="increaseQty_1506506" href="#">+</a>
                </li>
            </ul>
        </div>				
            
        
            <input type="hidden" name="catEntryId" value="1506507">
        

        <input type="hidden" name="productId" value="1506506">
        

    <input type="hidden" name="URL" value="https://www.sainsburys.co.uk/webapp/wcs/stores/servlet/PromotionDisplayView?listId=2&amp;catalogId=10241&amp;productId=1117540&amp;langId=44&amp;storeId=10151&amp;promotionId=10669742">
    <input type="hidden" name="page" value="">
    <input type="hidden" name="contractId" value="">
    <input type="hidden" name="calculateOrder" value="1">
    <input type="hidden" name="calculationUsage" value="-1,-2,-3">
    <input type="hidden" name="updateable" value="1">
    <input type="hidden" name="merge" value="***">

                                  
            <input type="hidden" id="updateUrl_1506506" updateurlchild_1506507="AjaxOrderItemUpdate?calculateOrder=1&amp;itemType=&amp;ordItemUpdateFlag=0&amp;orderId=.&amp;updatePrices=1&amp;authToken=-1002%252C3jIiHU%252F3lFc4jalpGDAhYOztAdQ%253D&amp;calculationUsage=-1,-2,-3&amp;storeId=10151&amp;errorViewName=AjaxQuickCartDisplay&amp;URL=AjaxQuickCartDisplay&amp;catEntryId=1506507&amp;orderItemId_0=&amp;UOM_0=&amp;langId=44&amp;quantity_0=1">
            <input type="hidden" id="removeUrl_1506506" removeurlchild_1506507="AjaxOrderItemUpdate?calculateOrder=1&amp;itemType=&amp;productId=&amp;ordItemUpdateFlag=2&amp;orderId=.&amp;updatePrices=1&amp;authToken=-1002%252C3jIiHU%252F3lFc4jalpGDAhYOztAdQ%253D&amp;calculationUsage=-1,-2,-3&amp;storeId=10151&amp;errorViewName=AjaxQuickCartDisplay&amp;URL=AjaxQuickCartDisplay&amp;catEntryId=1506507&amp;productSKU=&amp;orderItemId_0=&amp;qtyDecremented=true&amp;langId=44&amp;quantity_0=0">           
         
       <input type="hidden" name="callAjax" value="false">
       
    
    <div class="add2Cart " id="addQtyPanelProduct_1506506">    
        
            <a class="button process addQty  " id="addQty_1506506" href="#">
                Add
            </a>

            <input type="hidden" name="Add" value="Add">
        
    </div>

</form>
<!-- END AddToTrolley.jsp -->
                                    </div>  
                                
                    </div><!-- END priceTabContainer Add container --><!-- Subscribe container --><!-- Start AddToSubscriptionList.jspf --><!-- Start AddToSubscriptionList.jsp --><!-- End AddToSubscriptionList.jsp --><!-- End AddToSubscriptionList.jspf --> 
                </div>  
            </div>  
        </div>
    </div>     
    </div> 
    <div id="additionalItems_1506507" class="additionalItems">
        <!-- BEGIN MerchandisingAssociationsDisplay.jsp --><!-- Start - JSP File Name:  MerchandisingAssociationsDisplay.jsp --><!-- END MerchandisingAssociationsDisplay.jsp -->  
    </div> 

<!-- END CatalogEntryThumbnailDisplay.jsp -->
                            </li>
                        
                            <li>
                                
                                                <div class="trolleySummary"><p class="saving">
                                                         <!-- %@ include file="../../include/PromotionStrapline.jspf"% -->
                                                </p></div>
                                            
                                                <div class="trolleySummary"><p class="saving">
                                                         <!-- %@ include file="../../include/PromotionStrapline.jspf"% -->
                                                </p></div>
                                            
                                                <div class="trolleySummary"><p class="saving">
                                                         <!-- %@ include file="../../include/PromotionStrapline.jspf"% -->
                                                </p></div>
                                            <!-- BEGIN CatalogEntryThumbnailDisplay.jsp -->
    <div class="product ">
        
        <div class="errorBanner hidden" id="error1247050"></div>
                        
        
        <div class="productInner">
            <div class="productInfoWrapper">
                <div class="productInfo">
                    
                            <h3>
                                <a href="https://www.sainsburys.co.uk/shop/gb/groceries/product/details/cadbury-boost-duo-chocolate-bar-63g">
                                    Cadbury Boost Duo Chocolate Bar 63g
                                    <img src="https://assets.sainsburys-groceries.co.uk/gol/7094414/image.jpg" alt="">
                                </a>
                            </h3>
                        
<div class="promotion">

                        <p>
                            <a strapline="Meal Deal for Â£5.00 | 7094414" href="https://www.sainsburys.co.uk/shop/PromotionDisplayView?listId=2&amp;catalogId=10241&amp;productId=1247050&amp;langId=44&amp;storeId=10151&amp;promotionId=10664136"><!-- BEGIN include/PromotionStrapline.jspf -->Meal Deal for Â£5.00<br>

<!-- FINISH include/PromotionStrapline.jspf -->
                            </a>
                        </p>
                    
                        <p>
                            <a strapline="Meal Deal for Â£3.75 | 7094414" href="https://www.sainsburys.co.uk/shop/PromotionDisplayView?listId=2&amp;catalogId=10241&amp;productId=1247050&amp;langId=44&amp;storeId=10151&amp;promotionId=10669742">PLUS <!-- BEGIN include/PromotionStrapline.jspf -->Meal Deal for Â£3.75<br>

<!-- FINISH include/PromotionStrapline.jspf -->
                            </a>
                        </p>
                                
</div>

                    <div class="ThumbnailRoundel">
                    <!--ThumbnailRoundel --> 
                    </div>
                    <div class="promoBages">
                        <!-- PROMOTION -->
                    </div>


                    <!-- Review --><!-- BEGIN CatalogEntryRatingsReviewsInfo.jspf --><!-- productAllowedRatingsAndReviews: true -->
<div class="reviews">

    <a class="numberOfReviews" href="https://www.sainsburys.co.uk/shop/gb/groceries/product/details/cadbury-boost-duo-chocolate-bar-63g">
        <img src="//www.sainsburys.co.uk/wcsstore7.137.2/SainsburysStorefrontAssetStore/img/stars/rating-4_9.gif" alt="4.9167" border="0">&nbsp; 
        Reviews (12)
    </a>

</div>
<!-- END CatalogEntryRatingsReviewsInfo.jspf -->
                </div>
                <!--ThumbnailRestriction -->
            </div>
            
            <div class="addToTrolleytabBox">
            <!-- addToTrolleytabBox LIST VIEW--><!-- Start UserSubscribedOrNot.jspf --><!-- Start UserSubscribedOrNot.jsp --><!-- 
    If the user is not logged in, render this opening 
    DIV adding an addtional class to fix the border top which is removed 
    and replaced by the tabs
-->
<div class="addToTrolleytabContainer addItemBorderTop">
<!-- End AddToSubscriptionList.jsp --><!-- End AddSubscriptionList.jspf --><!-- 
                    ATTENTION!!!
                    <div class="addToTrolleytabContainer">
                    This opening div is inside "../../ReusableObjects/UserSubscribedOrNot.jsp"
                    -->
                <div class="pricingAndTrolleyOptions">  
                    <div class="priceTab activeContainer priceTabContainer" id="addItem_1247051"> 
                        <div class="pricing">
                            
<p class="pricePerUnit">
Â£1.30 
</p>

<p class="pricePerMeasure">Â£2.06<abbr title="per">/</abbr>100<abbr title="gram"><span class="pricePerMeasureMeasure">g</span></abbr>
</p>

                                
                        </div>  
                          
                                    <div class="addToTrolleyForm ">   
                                        <!-- BEGIN AddToTrolley.jsp --><!-- fire an on add to bag here from  -->

<form class="addToTrolleyForm" name="OrderItemAddForm_1247050" action="OrderItemAdd" method="post" id="OrderItemAddForm_1247050">
    <input type="hidden" name="storeId" value="10151">
    <input type="hidden" name="langId" value="44">
    <input type="hidden" name="catalogId" value="10241">
    <input type="hidden" name="authToken" id="authToken1247050" value="-1002%2C3jIiHU%2F3lFc4jalpGDAhYOztAdQ%3D">
    
    
    <input type="hidden" name="errorViewName" value="PromotionDisplayView">
    <input type="hidden" name="SKU_ID" value="7094414">
    <input type="hidden" name="itemType" value="">
    <input type="hidden" name="parentSKU" value="">
    
    
       <input type="hidden" id="productCatentryId_1247051" value="1247050">
       <input type="hidden" id="catEntryId_1247050" value="1247051">
       <input type="hidden" name="ItemSKU_ID" value="7094414">
     
        
        <div class="quantity hidden" id="updateQtyPanelProduct_1247050" data-qty="">
            <ul>
                <li>
                    <a class="button decreaseQty " id="decreaseQty_1247050" href="#">-</a> 
                </li>
                <li>	
                    <label class="access" for="quantity_1247050">Quantity</label>						
                    <a href="#" class="button quantityPlp  " id="quantityUpdate_1247050">
                        </a>
                    <input name="quantity" id="quantity_1247050" type="hidden" size="3" value="" class="quantity">		        
                </li>
                <li>
                    
                    <a class="button increaseQty " id="increaseQty_1247050" href="#">+</a>
                </li>
            </ul>
        </div>				
            
        
            <input type="hidden" name="catEntryId" value="1247051">
        

        <input type="hidden" name="productId" value="1247050">
        

    <input type="hidden" name="URL" value="https://www.sainsburys.co.uk/webapp/wcs/stores/servlet/PromotionDisplayView?listId=2&amp;catalogId=10241&amp;productId=1117540&amp;langId=44&amp;storeId=10151&amp;promotionId=10669742">
    <input type="hidden" name="page" value="">
    <input type="hidden" name="contractId" value="">
    <input type="hidden" name="calculateOrder" value="1">
    <input type="hidden" name="calculationUsage" value="-1,-2,-3">
    <input type="hidden" name="updateable" value="1">
    <input type="hidden" name="merge" value="***">

                                  
            <input type="hidden" id="updateUrl_1247050" updateurlchild_1247051="AjaxOrderItemUpdate?calculateOrder=1&amp;itemType=&amp;ordItemUpdateFlag=0&amp;orderId=.&amp;updatePrices=1&amp;authToken=-1002%252C3jIiHU%252F3lFc4jalpGDAhYOztAdQ%253D&amp;calculationUsage=-1,-2,-3&amp;storeId=10151&amp;errorViewName=AjaxQuickCartDisplay&amp;URL=AjaxQuickCartDisplay&amp;catEntryId=1247051&amp;orderItemId_0=&amp;UOM_0=&amp;langId=44&amp;quantity_0=1">
            <input type="hidden" id="removeUrl_1247050" removeurlchild_1247051="AjaxOrderItemUpdate?calculateOrder=1&amp;itemType=&amp;productId=&amp;ordItemUpdateFlag=2&amp;orderId=.&amp;updatePrices=1&amp;authToken=-1002%252C3jIiHU%252F3lFc4jalpGDAhYOztAdQ%253D&amp;calculationUsage=-1,-2,-3&amp;storeId=10151&amp;errorViewName=AjaxQuickCartDisplay&amp;URL=AjaxQuickCartDisplay&amp;catEntryId=1247051&amp;productSKU=&amp;orderItemId_0=&amp;qtyDecremented=true&amp;langId=44&amp;quantity_0=0">           
         
       <input type="hidden" name="callAjax" value="false">
       
    
    <div class="add2Cart " id="addQtyPanelProduct_1247050">    
        
            <a class="button process addQty  " id="addQty_1247050" href="#">
                Add
            </a>

            <input type="hidden" name="Add" value="Add">
        
    </div>

</form>
<!-- END AddToTrolley.jsp -->
                                    </div>  
                                
                    </div><!-- END priceTabContainer Add container --><!-- Subscribe container --><!-- Start AddToSubscriptionList.jspf --><!-- Start AddToSubscriptionList.jsp --><!-- End AddToSubscriptionList.jsp --><!-- End AddToSubscriptionList.jspf --> 
                </div>  
            </div>  
        </div>
    </div>     
    </div> 
    <div id="additionalItems_1247051" class="additionalItems">
        <!-- BEGIN MerchandisingAssociationsDisplay.jsp --><!-- Start - JSP File Name:  MerchandisingAssociationsDisplay.jsp --><!-- END MerchandisingAssociationsDisplay.jsp -->  
    </div> 

<!-- END CatalogEntryThumbnailDisplay.jsp -->
                            </li>
                        
                            <li>
                                
                                                <div class="trolleySummary"><p class="saving">
                                                         <!-- %@ include file="../../include/PromotionStrapline.jspf"% -->
                                                </p></div>
                                            
                                                <div class="trolleySummary"><p class="saving">
                                                         <!-- %@ include file="../../include/PromotionStrapline.jspf"% -->
                                                </p></div>
                                            
                                                <div class="trolleySummary"><p class="saving">
                                                         <!-- %@ include file="../../include/PromotionStrapline.jspf"% -->
                                                </p></div>
                                            <!-- BEGIN CatalogEntryThumbnailDisplay.jsp -->
    <div class="product ">
        
        <div class="errorBanner hidden" id="error1498274"></div>
                        
        
        <div class="productInner">
            <div class="productInfoWrapper">
                <div class="productInfo">
                    
                            <h3>
                                <a href="https://www.sainsburys.co.uk/shop/gb/groceries/product/details/higgidy-cheddar-onion-chutney-veggie-rolls-54g">
                                    Higgidy Cheddar &amp; Caramelised Onion Chutney Rolls
                                    <img src="https://assets.sainsburys-groceries.co.uk/gol/8165524/image.jpg" alt="">
                                </a>
                            </h3>
                        
<div class="promotion">

                        <p>
                            <a strapline="Meal Deal for Â£5.00 | 8165524" href="https://www.sainsburys.co.uk/shop/PromotionDisplayView?listId=2&amp;catalogId=10241&amp;productId=1498274&amp;langId=44&amp;storeId=10151&amp;promotionId=10664136"><!-- BEGIN include/PromotionStrapline.jspf -->Meal Deal for Â£5.00<br>

<!-- FINISH include/PromotionStrapline.jspf -->
                            </a>
                        </p>
                    
                        <p>
                            <a strapline="Meal Deal for Â£3.75 | 8165524" href="https://www.sainsburys.co.uk/shop/PromotionDisplayView?listId=2&amp;catalogId=10241&amp;productId=1498274&amp;langId=44&amp;storeId=10151&amp;promotionId=10669742">PLUS <!-- BEGIN include/PromotionStrapline.jspf -->Meal Deal for Â£3.75<br>

<!-- FINISH include/PromotionStrapline.jspf -->
                            </a>
                        </p>
                                
</div>

                    <div class="ThumbnailRoundel">
                    <!--ThumbnailRoundel --> 
                    </div>
                    <div class="promoBages">
                        <!-- PROMOTION -->
                    </div>


                    <!-- Review --><!-- BEGIN CatalogEntryRatingsReviewsInfo.jspf --><!-- productAllowedRatingsAndReviews: true -->
<div class="reviews">

    <a class="numberOfReviews" href="https://www.sainsburys.co.uk/shop/gb/groceries/product/details/higgidy-cheddar-onion-chutney-veggie-rolls-54g">
        <img src="//www.sainsburys.co.uk/wcsstore7.137.2/SainsburysStorefrontAssetStore/img/stars/rating-4_8.gif" alt="4.7857" border="0">&nbsp; 
        Reviews (14)
    </a>

</div>
<!-- END CatalogEntryRatingsReviewsInfo.jspf -->
                </div>
                <!--ThumbnailRestriction -->
            </div>
            
            <div class="addToTrolleytabBox">
            <!-- addToTrolleytabBox LIST VIEW--><!-- Start UserSubscribedOrNot.jspf --><!-- Start UserSubscribedOrNot.jsp --><!-- 
    If the user is not logged in, render this opening 
    DIV adding an addtional class to fix the border top which is removed 
    and replaced by the tabs
-->
<div class="addToTrolleytabContainer addItemBorderTop">
<!-- End AddToSubscriptionList.jsp --><!-- End AddSubscriptionList.jspf --><!-- 
                    ATTENTION!!!
                    <div class="addToTrolleytabContainer">
                    This opening div is inside "../../ReusableObjects/UserSubscribedOrNot.jsp"
                    -->
                <div class="pricingAndTrolleyOptions">  
                    <div class="priceTab activeContainer priceTabContainer" id="addItem_1498275"> 
                        <div class="pricing">
                            
<p class="pricePerUnit">
Â£1.50 
</p>

<p class="pricePerMeasure">Â£2.78<abbr title="per">/</abbr>100<abbr title="gram"><span class="pricePerMeasureMeasure">g</span></abbr>
</p>

                                
                        </div>  
                          
                                    <div class="addToTrolleyForm ">   
                                        <!-- BEGIN AddToTrolley.jsp --><!-- fire an on add to bag here from  -->

<form class="addToTrolleyForm" name="OrderItemAddForm_1498274" action="OrderItemAdd" method="post" id="OrderItemAddForm_1498274">
    <input type="hidden" name="storeId" value="10151">
    <input type="hidden" name="langId" value="44">
    <input type="hidden" name="catalogId" value="10241">
    <input type="hidden" name="authToken" id="authToken1498274" value="-1002%2C3jIiHU%2F3lFc4jalpGDAhYOztAdQ%3D">
    
    
    <input type="hidden" name="errorViewName" value="PromotionDisplayView">
    <input type="hidden" name="SKU_ID" value="8165524">
    <input type="hidden" name="itemType" value="">
    <input type="hidden" name="parentSKU" value="">
    
    
       <input type="hidden" id="productCatentryId_1498275" value="1498274">
       <input type="hidden" id="catEntryId_1498274" value="1498275">
       <input type="hidden" name="ItemSKU_ID" value="8165524">
     
        
        <div class="quantity hidden" id="updateQtyPanelProduct_1498274" data-qty="">
            <ul>
                <li>
                    <a class="button decreaseQty " id="decreaseQty_1498274" href="#">-</a> 
                </li>
                <li>	
                    <label class="access" for="quantity_1498274">Quantity</label>						
                    <a href="#" class="button quantityPlp  " id="quantityUpdate_1498274">
                        </a>
                    <input name="quantity" id="quantity_1498274" type="hidden" size="3" value="" class="quantity">		        
                </li>
                <li>
                    
                    <a class="button increaseQty " id="increaseQty_1498274" href="#">+</a>
                </li>
            </ul>
        </div>				
            
        
            <input type="hidden" name="catEntryId" value="1498275">
        

        <input type="hidden" name="productId" value="1498274">
        

    <input type="hidden" name="URL" value="https://www.sainsburys.co.uk/webapp/wcs/stores/servlet/PromotionDisplayView?listId=2&amp;catalogId=10241&amp;productId=1117540&amp;langId=44&amp;storeId=10151&amp;promotionId=10669742">
    <input type="hidden" name="page" value="">
    <input type="hidden" name="contractId" value="">
    <input type="hidden" name="calculateOrder" value="1">
    <input type="hidden" name="calculationUsage" value="-1,-2,-3">
    <input type="hidden" name="updateable" value="1">
    <input type="hidden" name="merge" value="***">

                                  
            <input type="hidden" id="updateUrl_1498274" updateurlchild_1498275="AjaxOrderItemUpdate?calculateOrder=1&amp;itemType=&amp;ordItemUpdateFlag=0&amp;orderId=.&amp;updatePrices=1&amp;authToken=-1002%252C3jIiHU%252F3lFc4jalpGDAhYOztAdQ%253D&amp;calculationUsage=-1,-2,-3&amp;storeId=10151&amp;errorViewName=AjaxQuickCartDisplay&amp;URL=AjaxQuickCartDisplay&amp;catEntryId=1498275&amp;orderItemId_0=&amp;UOM_0=&amp;langId=44&amp;quantity_0=1">
            <input type="hidden" id="removeUrl_1498274" removeurlchild_1498275="AjaxOrderItemUpdate?calculateOrder=1&amp;itemType=&amp;productId=&amp;ordItemUpdateFlag=2&amp;orderId=.&amp;updatePrices=1&amp;authToken=-1002%252C3jIiHU%252F3lFc4jalpGDAhYOztAdQ%253D&amp;calculationUsage=-1,-2,-3&amp;storeId=10151&amp;errorViewName=AjaxQuickCartDisplay&amp;URL=AjaxQuickCartDisplay&amp;catEntryId=1498275&amp;productSKU=&amp;orderItemId_0=&amp;qtyDecremented=true&amp;langId=44&amp;quantity_0=0">           
         
       <input type="hidden" name="callAjax" value="false">
       
    
    <div class="add2Cart " id="addQtyPanelProduct_1498274">    
        
            <a class="button process addQty  " id="addQty_1498274" href="#">
                Add
            </a>

            <input type="hidden" name="Add" value="Add">
        
    </div>

</form>
<!-- END AddToTrolley.jsp -->
                                    </div>  
                                
                    </div><!-- END priceTabContainer Add container --><!-- Subscribe container --><!-- Start AddToSubscriptionList.jspf --><!-- Start AddToSubscriptionList.jsp --><!-- End AddToSubscriptionList.jsp --><!-- End AddToSubscriptionList.jspf --> 
                </div>  
            </div>  
        </div>
    </div>     
    </div> 
    <div id="additionalItems_1498275" class="additionalItems">
        <!-- BEGIN MerchandisingAssociationsDisplay.jsp --><!-- Start - JSP File Name:  MerchandisingAssociationsDisplay.jsp --><!-- END MerchandisingAssociationsDisplay.jsp -->  
    </div> 

<!-- END CatalogEntryThumbnailDisplay.jsp -->
                            </li>
                        
                            <li>
                                
                                                <div class="trolleySummary"><p class="saving">
                                                         <!-- %@ include file="../../include/PromotionStrapline.jspf"% -->
                                                </p></div>
                                            
                                                <div class="trolleySummary"><p class="saving">
                                                         <!-- %@ include file="../../include/PromotionStrapline.jspf"% -->
                                                </p></div>
                                            
                                                <div class="trolleySummary"><p class="saving">
                                                         <!-- %@ include file="../../include/PromotionStrapline.jspf"% -->
                                                </p></div>
                                            <!-- BEGIN CatalogEntryThumbnailDisplay.jsp -->
    <div class="product ">
        
        <div class="errorBanner hidden" id="error1530804"></div>
                        
        
        <div class="productInner">
            <div class="productInfoWrapper">
                <div class="productInfo">
                    
                            <h3>
                                <a href="https://www.sainsburys.co.uk/shop/gb/groceries/product/details/cadbury-starbar-duo-chocolate-bar-74g">
                                    Cadbury Starbar Duo Chocolate Bar 74g
                                    <img src="https://assets.sainsburys-groceries.co.uk/gol/8192213/image.jpg" alt="">
                                </a>
                            </h3>
                        
<div class="promotion">

                        <p>
                            <a strapline="Meal Deal for Â£5.00 | 8192213" href="https://www.sainsburys.co.uk/shop/PromotionDisplayView?listId=2&amp;catalogId=10241&amp;productId=1530804&amp;langId=44&amp;storeId=10151&amp;promotionId=10664136"><!-- BEGIN include/PromotionStrapline.jspf -->Meal Deal for Â£5.00<br>

<!-- FINISH include/PromotionStrapline.jspf -->
                            </a>
                        </p>
                    
                        <p>
                            <a strapline="Meal Deal for Â£3.75 | 8192213" href="https://www.sainsburys.co.uk/shop/PromotionDisplayView?listId=2&amp;catalogId=10241&amp;productId=1530804&amp;langId=44&amp;storeId=10151&amp;promotionId=10669742">PLUS <!-- BEGIN include/PromotionStrapline.jspf -->Meal Deal for Â£3.75<br>

<!-- FINISH include/PromotionStrapline.jspf -->
                            </a>
                        </p>
                                
</div>

                    <div class="ThumbnailRoundel">
                    <!--ThumbnailRoundel --> 
                    </div>
                    <div class="promoBages">
                        <!-- PROMOTION -->
                    </div>


                    <!-- Review --><!-- BEGIN CatalogEntryRatingsReviewsInfo.jspf --><!-- productAllowedRatingsAndReviews: true -->
<div class="reviews">

    <a class="numberOfReviews" href="https://www.sainsburys.co.uk/shop/gb/groceries/product/details/cadbury-starbar-duo-chocolate-bar-74g">
        <img src="//www.sainsburys.co.uk/wcsstore7.137.2/SainsburysStorefrontAssetStore/img/stars/rating-4_8.gif" alt="4.7692" border="0">&nbsp; 
        Reviews (13)
    </a>

</div>
<!-- END CatalogEntryRatingsReviewsInfo.jspf -->
                </div>
                <!--ThumbnailRestriction -->
            </div>
            
            <div class="addToTrolleytabBox">
            <!-- addToTrolleytabBox LIST VIEW--><!-- Start UserSubscribedOrNot.jspf --><!-- Start UserSubscribedOrNot.jsp --><!-- 
    If the user is not logged in, render this opening 
    DIV adding an addtional class to fix the border top which is removed 
    and replaced by the tabs
-->
<div class="addToTrolleytabContainer addItemBorderTop">
<!-- End AddToSubscriptionList.jsp --><!-- End AddSubscriptionList.jspf --><!-- 
                    ATTENTION!!!
                    <div class="addToTrolleytabContainer">
                    This opening div is inside "../../ReusableObjects/UserSubscribedOrNot.jsp"
                    -->
                <div class="pricingAndTrolleyOptions">  
                    <div class="priceTab activeContainer priceTabContainer" id="addItem_1530805"> 
                        <div class="pricing">
                            
<p class="pricePerUnit">
Â£1.30 
</p>

<p class="pricePerMeasure">Â£1.76<abbr title="per">/</abbr>100<abbr title="gram"><span class="pricePerMeasureMeasure">g</span></abbr>
</p>

                                
                        </div>  
                          
                                    <div class="addToTrolleyForm ">   
                                        <!-- BEGIN AddToTrolley.jsp --><!-- fire an on add to bag here from  -->

<form class="addToTrolleyForm" name="OrderItemAddForm_1530804" action="OrderItemAdd" method="post" id="OrderItemAddForm_1530804">
    <input type="hidden" name="storeId" value="10151">
    <input type="hidden" name="langId" value="44">
    <input type="hidden" name="catalogId" value="10241">
    <input type="hidden" name="authToken" id="authToken1530804" value="-1002%2C3jIiHU%2F3lFc4jalpGDAhYOztAdQ%3D">
    
    
    <input type="hidden" name="errorViewName" value="PromotionDisplayView">
    <input type="hidden" name="SKU_ID" value="8192213">
    <input type="hidden" name="itemType" value="">
    <input type="hidden" name="parentSKU" value="">
    
    
       <input type="hidden" id="productCatentryId_1530805" value="1530804">
       <input type="hidden" id="catEntryId_1530804" value="1530805">
       <input type="hidden" name="ItemSKU_ID" value="8192213">
     
        
        <div class="quantity hidden" id="updateQtyPanelProduct_1530804" data-qty="">
            <ul>
                <li>
                    <a class="button decreaseQty " id="decreaseQty_1530804" href="#">-</a> 
                </li>
                <li>	
                    <label class="access" for="quantity_1530804">Quantity</label>						
                    <a href="#" class="button quantityPlp  " id="quantityUpdate_1530804">
                        </a>
                    <input name="quantity" id="quantity_1530804" type="hidden" size="3" value="" class="quantity">		        
                </li>
                <li>
                    
                    <a class="button increaseQty " id="increaseQty_1530804" href="#">+</a>
                </li>
            </ul>
        </div>				
            
        
            <input type="hidden" name="catEntryId" value="1530805">
        

        <input type="hidden" name="productId" value="1530804">
        

    <input type="hidden" name="URL" value="https://www.sainsburys.co.uk/webapp/wcs/stores/servlet/PromotionDisplayView?listId=2&amp;catalogId=10241&amp;productId=1117540&amp;langId=44&amp;storeId=10151&amp;promotionId=10669742">
    <input type="hidden" name="page" value="">
    <input type="hidden" name="contractId" value="">
    <input type="hidden" name="calculateOrder" value="1">
    <input type="hidden" name="calculationUsage" value="-1,-2,-3">
    <input type="hidden" name="updateable" value="1">
    <input type="hidden" name="merge" value="***">

                                  
            <input type="hidden" id="updateUrl_1530804" updateurlchild_1530805="AjaxOrderItemUpdate?calculateOrder=1&amp;itemType=&amp;ordItemUpdateFlag=0&amp;orderId=.&amp;updatePrices=1&amp;authToken=-1002%252C3jIiHU%252F3lFc4jalpGDAhYOztAdQ%253D&amp;calculationUsage=-1,-2,-3&amp;storeId=10151&amp;errorViewName=AjaxQuickCartDisplay&amp;URL=AjaxQuickCartDisplay&amp;catEntryId=1530805&amp;orderItemId_0=&amp;UOM_0=&amp;langId=44&amp;quantity_0=1">
            <input type="hidden" id="removeUrl_1530804" removeurlchild_1530805="AjaxOrderItemUpdate?calculateOrder=1&amp;itemType=&amp;productId=&amp;ordItemUpdateFlag=2&amp;orderId=.&amp;updatePrices=1&amp;authToken=-1002%252C3jIiHU%252F3lFc4jalpGDAhYOztAdQ%253D&amp;calculationUsage=-1,-2,-3&amp;storeId=10151&amp;errorViewName=AjaxQuickCartDisplay&amp;URL=AjaxQuickCartDisplay&amp;catEntryId=1530805&amp;productSKU=&amp;orderItemId_0=&amp;qtyDecremented=true&amp;langId=44&amp;quantity_0=0">           
         
       <input type="hidden" name="callAjax" value="false">
       
    
    <div class="add2Cart " id="addQtyPanelProduct_1530804">    
        
            <a class="button process addQty  " id="addQty_1530804" href="#">
                Add
            </a>

            <input type="hidden" name="Add" value="Add">
        
    </div>

</form>
<!-- END AddToTrolley.jsp -->
                                    </div>  
                                
                    </div><!-- END priceTabContainer Add container --><!-- Subscribe container --><!-- Start AddToSubscriptionList.jspf --><!-- Start AddToSubscriptionList.jsp --><!-- End AddToSubscriptionList.jsp --><!-- End AddToSubscriptionList.jspf --> 
                </div>  
            </div>  
        </div>
    </div>     
    </div> 
    <div id="additionalItems_1530805" class="additionalItems">
        <!-- BEGIN MerchandisingAssociationsDisplay.jsp --><!-- Start - JSP File Name:  MerchandisingAssociationsDisplay.jsp --><!-- END MerchandisingAssociationsDisplay.jsp -->  
    </div> 

<!-- END CatalogEntryThumbnailDisplay.jsp -->
                            </li>
                        
                            <li>
                                
                                                <div class="trolleySummary"><p class="saving">
                                                         <!-- %@ include file="../../include/PromotionStrapline.jspf"% -->
                                                </p></div>
                                            
                                                <div class="trolleySummary"><p class="saving">
                                                         <!-- %@ include file="../../include/PromotionStrapline.jspf"% -->
                                                </p></div>
                                            
                                                <div class="trolleySummary"><p class="saving">
                                                         <!-- %@ include file="../../include/PromotionStrapline.jspf"% -->
                                                </p></div>
                                            <!-- BEGIN CatalogEntryThumbnailDisplay.jsp -->
    <div class="product ">
        
        <div class="errorBanner hidden" id="error1498310"></div>
                        
        
        <div class="productInner">
            <div class="productInfoWrapper">
                <div class="productInfo">
                    
                            <h3>
                                <a href="https://www.sainsburys.co.uk/shop/gb/groceries/product/details/higgidy-ham-hock-cheddar-sausage-rolls-54g">
                                    Higgidy Ham Hock &amp; Cheddar Sausage Rolls 54g
                                    <img src="https://assets.sainsburys-groceries.co.uk/gol/8165583/image.jpg" alt="">
                                </a>
                            </h3>
                        
<div class="promotion">

                        <p>
                            <a strapline="Meal Deal for Â£5.00 | 8165583" href="https://www.sainsburys.co.uk/shop/PromotionDisplayView?listId=2&amp;catalogId=10241&amp;productId=1498310&amp;langId=44&amp;storeId=10151&amp;promotionId=10664136"><!-- BEGIN include/PromotionStrapline.jspf -->Meal Deal for Â£5.00<br>

<!-- FINISH include/PromotionStrapline.jspf -->
                            </a>
                        </p>
                    
                        <p>
                            <a strapline="Meal Deal for Â£3.75 | 8165583" href="https://www.sainsburys.co.uk/shop/PromotionDisplayView?listId=2&amp;catalogId=10241&amp;productId=1498310&amp;langId=44&amp;storeId=10151&amp;promotionId=10669742">PLUS <!-- BEGIN include/PromotionStrapline.jspf -->Meal Deal for Â£3.75<br>

<!-- FINISH include/PromotionStrapline.jspf -->
                            </a>
                        </p>
                                
</div>

                    <div class="ThumbnailRoundel">
                    <!--ThumbnailRoundel --> 
                    </div>
                    <div class="promoBages">
                        <!-- PROMOTION -->
                    </div>


                    <!-- Review --><!-- BEGIN CatalogEntryRatingsReviewsInfo.jspf --><!-- productAllowedRatingsAndReviews: true -->
<div class="reviews">

    <a class="numberOfReviews" href="https://www.sainsburys.co.uk/shop/gb/groceries/product/details/higgidy-ham-hock-cheddar-sausage-rolls-54g">
        <img src="//www.sainsburys.co.uk/wcsstore7.137.2/SainsburysStorefrontAssetStore/img/stars/rating-4_0.gif" alt="4.0" border="0">&nbsp; 
        Reviews (12)
    </a>

</div>
<!-- END CatalogEntryRatingsReviewsInfo.jspf -->
                </div>
                <!--ThumbnailRestriction -->
            </div>
            
            <div class="addToTrolleytabBox">
            <!-- addToTrolleytabBox LIST VIEW--><!-- Start UserSubscribedOrNot.jspf --><!-- Start UserSubscribedOrNot.jsp --><!-- 
    If the user is not logged in, render this opening 
    DIV adding an addtional class to fix the border top which is removed 
    and replaced by the tabs
-->
<div class="addToTrolleytabContainer addItemBorderTop">
<!-- End AddToSubscriptionList.jsp --><!-- End AddSubscriptionList.jspf --><!-- 
                    ATTENTION!!!
                    <div class="addToTrolleytabContainer">
                    This opening div is inside "../../ReusableObjects/UserSubscribedOrNot.jsp"
                    -->
                <div class="pricingAndTrolleyOptions">  
                    <div class="priceTab activeContainer priceTabContainer" id="addItem_1498311"> 
                        <div class="pricing">
                            
<p class="pricePerUnit">
Â£1.50 
</p>

<p class="pricePerMeasure">Â£2.78<abbr title="per">/</abbr>100<abbr title="gram"><span class="pricePerMeasureMeasure">g</span></abbr>
</p>

                                
                        </div>  
                          
                                    <div class="addToTrolleyForm ">   
                                        <!-- BEGIN AddToTrolley.jsp --><!-- fire an on add to bag here from  -->

<form class="addToTrolleyForm" name="OrderItemAddForm_1498310" action="OrderItemAdd" method="post" id="OrderItemAddForm_1498310">
    <input type="hidden" name="storeId" value="10151">
    <input type="hidden" name="langId" value="44">
    <input type="hidden" name="catalogId" value="10241">
    <input type="hidden" name="authToken" id="authToken1498310" value="-1002%2C3jIiHU%2F3lFc4jalpGDAhYOztAdQ%3D">
    
    
    <input type="hidden" name="errorViewName" value="PromotionDisplayView">
    <input type="hidden" name="SKU_ID" value="8165583">
    <input type="hidden" name="itemType" value="">
    <input type="hidden" name="parentSKU" value="">
    
    
       <input type="hidden" id="productCatentryId_1498311" value="1498310">
       <input type="hidden" id="catEntryId_1498310" value="1498311">
       <input type="hidden" name="ItemSKU_ID" value="8165583">
     
        
        <div class="quantity hidden" id="updateQtyPanelProduct_1498310" data-qty="">
            <ul>
                <li>
                    <a class="button decreaseQty " id="decreaseQty_1498310" href="#">-</a> 
                </li>
                <li>	
                    <label class="access" for="quantity_1498310">Quantity</label>						
                    <a href="#" class="button quantityPlp  " id="quantityUpdate_1498310">
                        </a>
                    <input name="quantity" id="quantity_1498310" type="hidden" size="3" value="" class="quantity">		        
                </li>
                <li>
                    
                    <a class="button increaseQty " id="increaseQty_1498310" href="#">+</a>
                </li>
            </ul>
        </div>				
            
        
            <input type="hidden" name="catEntryId" value="1498311">
        

        <input type="hidden" name="productId" value="1498310">
        

    <input type="hidden" name="URL" value="https://www.sainsburys.co.uk/webapp/wcs/stores/servlet/PromotionDisplayView?listId=2&amp;catalogId=10241&amp;productId=1117540&amp;langId=44&amp;storeId=10151&amp;promotionId=10669742">
    <input type="hidden" name="page" value="">
    <input type="hidden" name="contractId" value="">
    <input type="hidden" name="calculateOrder" value="1">
    <input type="hidden" name="calculationUsage" value="-1,-2,-3">
    <input type="hidden" name="updateable" value="1">
    <input type="hidden" name="merge" value="***">

                                  
            <input type="hidden" id="updateUrl_1498310" updateurlchild_1498311="AjaxOrderItemUpdate?calculateOrder=1&amp;itemType=&amp;ordItemUpdateFlag=0&amp;orderId=.&amp;updatePrices=1&amp;authToken=-1002%252C3jIiHU%252F3lFc4jalpGDAhYOztAdQ%253D&amp;calculationUsage=-1,-2,-3&amp;storeId=10151&amp;errorViewName=AjaxQuickCartDisplay&amp;URL=AjaxQuickCartDisplay&amp;catEntryId=1498311&amp;orderItemId_0=&amp;UOM_0=&amp;langId=44&amp;quantity_0=1">
            <input type="hidden" id="removeUrl_1498310" removeurlchild_1498311="AjaxOrderItemUpdate?calculateOrder=1&amp;itemType=&amp;productId=&amp;ordItemUpdateFlag=2&amp;orderId=.&amp;updatePrices=1&amp;authToken=-1002%252C3jIiHU%252F3lFc4jalpGDAhYOztAdQ%253D&amp;calculationUsage=-1,-2,-3&amp;storeId=10151&amp;errorViewName=AjaxQuickCartDisplay&amp;URL=AjaxQuickCartDisplay&amp;catEntryId=1498311&amp;productSKU=&amp;orderItemId_0=&amp;qtyDecremented=true&amp;langId=44&amp;quantity_0=0">           
         
       <input type="hidden" name="callAjax" value="false">
       
    
    <div class="add2Cart " id="addQtyPanelProduct_1498310">    
        
            <a class="button process addQty  " id="addQty_1498310" href="#">
                Add
            </a>

            <input type="hidden" name="Add" value="Add">
        
    </div>

</form>
<!-- END AddToTrolley.jsp -->
                                    </div>  
                                
                    </div><!-- END priceTabContainer Add container --><!-- Subscribe container --><!-- Start AddToSubscriptionList.jspf --><!-- Start AddToSubscriptionList.jsp --><!-- End AddToSubscriptionList.jsp --><!-- End AddToSubscriptionList.jspf --> 
                </div>  
            </div>  
        </div>
    </div>     
    </div> 
    <div id="additionalItems_1498311" class="additionalItems">
        <!-- BEGIN MerchandisingAssociationsDisplay.jsp --><!-- Start - JSP File Name:  MerchandisingAssociationsDisplay.jsp --><!-- END MerchandisingAssociationsDisplay.jsp -->  
    </div> 

<!-- END CatalogEntryThumbnailDisplay.jsp -->
                            </li>
                        
                            <li>
                                
                                                <div class="trolleySummary"><p class="saving">
                                                         <!-- %@ include file="../../include/PromotionStrapline.jspf"% -->
                                                </p></div>
                                            
                                                <div class="trolleySummary"><p class="saving">
                                                         <!-- %@ include file="../../include/PromotionStrapline.jspf"% -->
                                                </p></div>
                                            
                                                <div class="trolleySummary"><p class="saving">
                                                         <!-- %@ include file="../../include/PromotionStrapline.jspf"% -->
                                                </p></div>
                                            <!-- BEGIN CatalogEntryThumbnailDisplay.jsp -->
    <div class="product ">
        
        <div class="errorBanner hidden" id="error1456360"></div>
                        
        
        <div class="productInner">
            <div class="productInfoWrapper">
                <div class="productInfo">
                    
                            <h3>
                                <a href="https://www.sainsburys.co.uk/shop/gb/groceries/product/details/graze-cherry-bakewell-fibre-flapjack-53g">
                                    Graze Cherry Bakewell Fibre Flapjack 53g
                                    <img src="https://assets.sainsburys-groceries.co.uk/gol/8124611/image.jpg" alt="">
                                </a>
                            </h3>
                        
<div class="promotion">

                        <p>
                            <a strapline="Meal Deal for Â£5.00 | 8124611" href="https://www.sainsburys.co.uk/shop/PromotionDisplayView?listId=2&amp;catalogId=10241&amp;productId=1456360&amp;langId=44&amp;storeId=10151&amp;promotionId=10664136"><!-- BEGIN include/PromotionStrapline.jspf -->Meal Deal for Â£5.00<br>

<!-- FINISH include/PromotionStrapline.jspf -->
                            </a>
                        </p>
                    
                        <p>
                            <a strapline="Meal Deal for Â£3.75 | 8124611" href="https://www.sainsburys.co.uk/shop/PromotionDisplayView?listId=2&amp;catalogId=10241&amp;productId=1456360&amp;langId=44&amp;storeId=10151&amp;promotionId=10669742">PLUS <!-- BEGIN include/PromotionStrapline.jspf -->Meal Deal for Â£3.75<br>

<!-- FINISH include/PromotionStrapline.jspf -->
                            </a>
                        </p>
                                
</div>

                    <div class="ThumbnailRoundel">
                    <!--ThumbnailRoundel --> 
                    </div>
                    <div class="promoBages">
                        <!-- PROMOTION -->
                    </div>


                    <!-- Review --><!-- BEGIN CatalogEntryRatingsReviewsInfo.jspf --><!-- productAllowedRatingsAndReviews: true -->
<div class="reviews">

    <a class="numberOfReviews" href="https://www.sainsburys.co.uk/shop/gb/groceries/product/details/graze-cherry-bakewell-fibre-flapjack-53g">
        <img src="//www.sainsburys.co.uk/wcsstore7.137.2/SainsburysStorefrontAssetStore/img/stars/rating-4_7.gif" alt="4.717" border="0">&nbsp; 
        Reviews (159)
    </a>

</div>
<!-- END CatalogEntryRatingsReviewsInfo.jspf -->
                </div>
                <!--ThumbnailRestriction -->
            </div>
            
            <div class="addToTrolleytabBox">
            <!-- addToTrolleytabBox LIST VIEW--><!-- Start UserSubscribedOrNot.jspf --><!-- Start UserSubscribedOrNot.jsp --><!-- 
    If the user is not logged in, render this opening 
    DIV adding an addtional class to fix the border top which is removed 
    and replaced by the tabs
-->
<div class="addToTrolleytabContainer addItemBorderTop">
<!-- End AddToSubscriptionList.jsp --><!-- End AddSubscriptionList.jspf --><!-- 
                    ATTENTION!!!
                    <div class="addToTrolleytabContainer">
                    This opening div is inside "../../ReusableObjects/UserSubscribedOrNot.jsp"
                    -->
                <div class="pricingAndTrolleyOptions">  
                    <div class="priceTab activeContainer priceTabContainer" id="addItem_1456361"> 
                        <div class="pricing">
                            
<p class="pricePerUnit">
Â£1.20 
</p>

<p class="pricePerMeasure">Â£2.40<abbr title="per">/</abbr>100<abbr title="gram"><span class="pricePerMeasureMeasure">g</span></abbr>
</p>

                                
                        </div>  
                          
                                    <div class="addToTrolleyForm ">   
                                        <!-- BEGIN AddToTrolley.jsp --><!-- fire an on add to bag here from  -->

<form class="addToTrolleyForm" name="OrderItemAddForm_1456360" action="OrderItemAdd" method="post" id="OrderItemAddForm_1456360">
    <input type="hidden" name="storeId" value="10151">
    <input type="hidden" name="langId" value="44">
    <input type="hidden" name="catalogId" value="10241">
    <input type="hidden" name="authToken" id="authToken1456360" value="-1002%2C3jIiHU%2F3lFc4jalpGDAhYOztAdQ%3D">
    
    
    <input type="hidden" name="errorViewName" value="PromotionDisplayView">
    <input type="hidden" name="SKU_ID" value="8124611">
    <input type="hidden" name="itemType" value="">
    <input type="hidden" name="parentSKU" value="">
    
    
       <input type="hidden" id="productCatentryId_1456361" value="1456360">
       <input type="hidden" id="catEntryId_1456360" value="1456361">
       <input type="hidden" name="ItemSKU_ID" value="8124611">
     
        
        <div class="quantity hidden" id="updateQtyPanelProduct_1456360" data-qty="">
            <ul>
                <li>
                    <a class="button decreaseQty " id="decreaseQty_1456360" href="#">-</a> 
                </li>
                <li>	
                    <label class="access" for="quantity_1456360">Quantity</label>						
                    <a href="#" class="button quantityPlp  " id="quantityUpdate_1456360">
                        </a>
                    <input name="quantity" id="quantity_1456360" type="hidden" size="3" value="" class="quantity">		        
                </li>
                <li>
                    
                    <a class="button increaseQty " id="increaseQty_1456360" href="#">+</a>
                </li>
            </ul>
        </div>				
            
        
            <input type="hidden" name="catEntryId" value="1456361">
        

        <input type="hidden" name="productId" value="1456360">
        

    <input type="hidden" name="URL" value="https://www.sainsburys.co.uk/webapp/wcs/stores/servlet/PromotionDisplayView?listId=2&amp;catalogId=10241&amp;productId=1117540&amp;langId=44&amp;storeId=10151&amp;promotionId=10669742">
    <input type="hidden" name="page" value="">
    <input type="hidden" name="contractId" value="">
    <input type="hidden" name="calculateOrder" value="1">
    <input type="hidden" name="calculationUsage" value="-1,-2,-3">
    <input type="hidden" name="updateable" value="1">
    <input type="hidden" name="merge" value="***">

                                  
            <input type="hidden" id="updateUrl_1456360" updateurlchild_1456361="AjaxOrderItemUpdate?calculateOrder=1&amp;itemType=&amp;ordItemUpdateFlag=0&amp;orderId=.&amp;updatePrices=1&amp;authToken=-1002%252C3jIiHU%252F3lFc4jalpGDAhYOztAdQ%253D&amp;calculationUsage=-1,-2,-3&amp;storeId=10151&amp;errorViewName=AjaxQuickCartDisplay&amp;URL=AjaxQuickCartDisplay&amp;catEntryId=1456361&amp;orderItemId_0=&amp;UOM_0=&amp;langId=44&amp;quantity_0=1">
            <input type="hidden" id="removeUrl_1456360" removeurlchild_1456361="AjaxOrderItemUpdate?calculateOrder=1&amp;itemType=&amp;productId=&amp;ordItemUpdateFlag=2&amp;orderId=.&amp;updatePrices=1&amp;authToken=-1002%252C3jIiHU%252F3lFc4jalpGDAhYOztAdQ%253D&amp;calculationUsage=-1,-2,-3&amp;storeId=10151&amp;errorViewName=AjaxQuickCartDisplay&amp;URL=AjaxQuickCartDisplay&amp;catEntryId=1456361&amp;productSKU=&amp;orderItemId_0=&amp;qtyDecremented=true&amp;langId=44&amp;quantity_0=0">           
         
       <input type="hidden" name="callAjax" value="false">
       
    
    <div class="add2Cart " id="addQtyPanelProduct_1456360">    
        
            <a class="button process addQty  " id="addQty_1456360" href="#">
                Add
            </a>

            <input type="hidden" name="Add" value="Add">
        
    </div>

</form>
<!-- END AddToTrolley.jsp -->
                                    </div>  
                                
                    </div><!-- END priceTabContainer Add container --><!-- Subscribe container --><!-- Start AddToSubscriptionList.jspf --><!-- Start AddToSubscriptionList.jsp --><!-- End AddToSubscriptionList.jsp --><!-- End AddToSubscriptionList.jspf --> 
                </div>  
            </div>  
        </div>
    </div>     
    </div> 
    <div id="additionalItems_1456361" class="additionalItems">
        <!-- BEGIN MerchandisingAssociationsDisplay.jsp --><!-- Start - JSP File Name:  MerchandisingAssociationsDisplay.jsp --><!-- END MerchandisingAssociationsDisplay.jsp -->  
    </div> 

<!-- END CatalogEntryThumbnailDisplay.jsp -->
                            </li>
                        
                            <li>
                                
                                                <div class="trolleySummary"><p class="saving">
                                                         <!-- %@ include file="../../include/PromotionStrapline.jspf"% -->
                                                </p></div>
                                            
                                                <div class="trolleySummary"><p class="saving">
                                                         <!-- %@ include file="../../include/PromotionStrapline.jspf"% -->
                                                </p></div>
                                            
                                                <div class="trolleySummary"><p class="saving">
                                                         <!-- %@ include file="../../include/PromotionStrapline.jspf"% -->
                                                </p></div>
                                            <!-- BEGIN CatalogEntryThumbnailDisplay.jsp -->
    <div class="product ">
        
        <div class="errorBanner hidden" id="error1338930"></div>
                        
        
        <div class="productInner">
            <div class="productInfoWrapper">
                <div class="productInfo">
                    
                            <h3>
                                <a href="https://www.sainsburys.co.uk/shop/gb/groceries/product/details/love-corn-salt-vinegar-45g">
                                    Love Corn Salt &amp; Vinegar Crunchy Corn Snack 45g
                                    <img src="https://assets.sainsburys-groceries.co.uk/gol/8008474/image.jpg" alt="">
                                </a>
                            </h3>
                        
<div class="promotion">

                        <p>
                            <a strapline="Meal Deal for Â£5.00 | 8008474" href="https://www.sainsburys.co.uk/shop/PromotionDisplayView?listId=2&amp;catalogId=10241&amp;productId=1338930&amp;langId=44&amp;storeId=10151&amp;promotionId=10664136"><!-- BEGIN include/PromotionStrapline.jspf -->Meal Deal for Â£5.00<br>

<!-- FINISH include/PromotionStrapline.jspf -->
                            </a>
                        </p>
                    
                        <p>
                            <a strapline="Meal Deal for Â£3.75 | 8008474" href="https://www.sainsburys.co.uk/shop/PromotionDisplayView?listId=2&amp;catalogId=10241&amp;productId=1338930&amp;langId=44&amp;storeId=10151&amp;promotionId=10669742">PLUS <!-- BEGIN include/PromotionStrapline.jspf -->Meal Deal for Â£3.75<br>

<!-- FINISH include/PromotionStrapline.jspf -->
                            </a>
                        </p>
                                
</div>

                    <div class="ThumbnailRoundel">
                    <!--ThumbnailRoundel --> 
                    </div>
                    <div class="promoBages">
                        <!-- PROMOTION -->
                    </div>


                    <!-- Review --><!-- BEGIN CatalogEntryRatingsReviewsInfo.jspf --><!-- productAllowedRatingsAndReviews: true -->
<div class="reviews">

    <a class="numberOfReviews" href="https://www.sainsburys.co.uk/shop/gb/groceries/product/details/love-corn-salt-vinegar-45g">
        <img src="//www.sainsburys.co.uk/wcsstore7.137.2/SainsburysStorefrontAssetStore/img/stars/rating-4_6.gif" alt="4.6275" border="0">&nbsp; 
        Reviews (51)
    </a>

</div>
<!-- END CatalogEntryRatingsReviewsInfo.jspf -->
                </div>
                <!--ThumbnailRestriction -->
            </div>
            
            <div class="addToTrolleytabBox">
            <!-- addToTrolleytabBox LIST VIEW--><!-- Start UserSubscribedOrNot.jspf --><!-- Start UserSubscribedOrNot.jsp --><!-- 
    If the user is not logged in, render this opening 
    DIV adding an addtional class to fix the border top which is removed 
    and replaced by the tabs
-->
<div class="addToTrolleytabContainer addItemBorderTop">
<!-- End AddToSubscriptionList.jsp --><!-- End AddSubscriptionList.jspf --><!-- 
                    ATTENTION!!!
                    <div class="addToTrolleytabContainer">
                    This opening div is inside "../../ReusableObjects/UserSubscribedOrNot.jsp"
                    -->
                <div class="pricingAndTrolleyOptions">  
                    <div class="priceTab activeContainer priceTabContainer" id="addItem_1338931"> 
                        <div class="pricing">
                            
<p class="pricePerUnit">
Â£1.10 
</p>

<p class="pricePerMeasure">Â£2.44<abbr title="per">/</abbr>100<abbr title="gram"><span class="pricePerMeasureMeasure">g</span></abbr>
</p>

                                
                        </div>  
                          
                                    <div class="addToTrolleyForm ">   
                                        <!-- BEGIN AddToTrolley.jsp --><!-- fire an on add to bag here from  -->

<form class="addToTrolleyForm" name="OrderItemAddForm_1338930" action="OrderItemAdd" method="post" id="OrderItemAddForm_1338930">
    <input type="hidden" name="storeId" value="10151">
    <input type="hidden" name="langId" value="44">
    <input type="hidden" name="catalogId" value="10241">
    <input type="hidden" name="authToken" id="authToken1338930" value="-1002%2C3jIiHU%2F3lFc4jalpGDAhYOztAdQ%3D">
    
    
    <input type="hidden" name="errorViewName" value="PromotionDisplayView">
    <input type="hidden" name="SKU_ID" value="8008474">
    <input type="hidden" name="itemType" value="">
    <input type="hidden" name="parentSKU" value="">
    
    
       <input type="hidden" id="productCatentryId_1338931" value="1338930">
       <input type="hidden" id="catEntryId_1338930" value="1338931">
       <input type="hidden" name="ItemSKU_ID" value="8008474">
     
        
        <div class="quantity hidden" id="updateQtyPanelProduct_1338930" data-qty="">
            <ul>
                <li>
                    <a class="button decreaseQty " id="decreaseQty_1338930" href="#">-</a> 
                </li>
                <li>	
                    <label class="access" for="quantity_1338930">Quantity</label>						
                    <a href="#" class="button quantityPlp  " id="quantityUpdate_1338930">
                        </a>
                    <input name="quantity" id="quantity_1338930" type="hidden" size="3" value="" class="quantity">		        
                </li>
                <li>
                    
                    <a class="button increaseQty " id="increaseQty_1338930" href="#">+</a>
                </li>
            </ul>
        </div>				
            
        
            <input type="hidden" name="catEntryId" value="1338931">
        

        <input type="hidden" name="productId" value="1338930">
        

    <input type="hidden" name="URL" value="https://www.sainsburys.co.uk/webapp/wcs/stores/servlet/PromotionDisplayView?listId=2&amp;catalogId=10241&amp;productId=1117540&amp;langId=44&amp;storeId=10151&amp;promotionId=10669742">
    <input type="hidden" name="page" value="">
    <input type="hidden" name="contractId" value="">
    <input type="hidden" name="calculateOrder" value="1">
    <input type="hidden" name="calculationUsage" value="-1,-2,-3">
    <input type="hidden" name="updateable" value="1">
    <input type="hidden" name="merge" value="***">

                                  
            <input type="hidden" id="updateUrl_1338930" updateurlchild_1338931="AjaxOrderItemUpdate?calculateOrder=1&amp;itemType=&amp;ordItemUpdateFlag=0&amp;orderId=.&amp;updatePrices=1&amp;authToken=-1002%252C3jIiHU%252F3lFc4jalpGDAhYOztAdQ%253D&amp;calculationUsage=-1,-2,-3&amp;storeId=10151&amp;errorViewName=AjaxQuickCartDisplay&amp;URL=AjaxQuickCartDisplay&amp;catEntryId=1338931&amp;orderItemId_0=&amp;UOM_0=&amp;langId=44&amp;quantity_0=1">
            <input type="hidden" id="removeUrl_1338930" removeurlchild_1338931="AjaxOrderItemUpdate?calculateOrder=1&amp;itemType=&amp;productId=&amp;ordItemUpdateFlag=2&amp;orderId=.&amp;updatePrices=1&amp;authToken=-1002%252C3jIiHU%252F3lFc4jalpGDAhYOztAdQ%253D&amp;calculationUsage=-1,-2,-3&amp;storeId=10151&amp;errorViewName=AjaxQuickCartDisplay&amp;URL=AjaxQuickCartDisplay&amp;catEntryId=1338931&amp;productSKU=&amp;orderItemId_0=&amp;qtyDecremented=true&amp;langId=44&amp;quantity_0=0">           
         
       <input type="hidden" name="callAjax" value="false">
       
    
    <div class="add2Cart " id="addQtyPanelProduct_1338930">    
        
            <a class="button process addQty  " id="addQty_1338930" href="#">
                Add
            </a>

            <input type="hidden" name="Add" value="Add">
        
    </div>

</form>
<!-- END AddToTrolley.jsp -->
                                    </div>  
                                
                    </div><!-- END priceTabContainer Add container --><!-- Subscribe container --><!-- Start AddToSubscriptionList.jspf --><!-- Start AddToSubscriptionList.jsp --><!-- End AddToSubscriptionList.jsp --><!-- End AddToSubscriptionList.jspf --> 
                </div>  
            </div>  
        </div>
    </div>     
    </div> 
    <div id="additionalItems_1338931" class="additionalItems">
        <!-- BEGIN MerchandisingAssociationsDisplay.jsp --><!-- Start - JSP File Name:  MerchandisingAssociationsDisplay.jsp --><!-- END MerchandisingAssociationsDisplay.jsp -->  
    </div> 

<!-- END CatalogEntryThumbnailDisplay.jsp -->
                            </li>
                        
                            <li>
                                
                                                <div class="trolleySummary"><p class="saving">
                                                         <!-- %@ include file="../../include/PromotionStrapline.jspf"% -->
                                                </p></div>
                                            
                                                <div class="trolleySummary"><p class="saving">
                                                         <!-- %@ include file="../../include/PromotionStrapline.jspf"% -->
                                                </p></div>
                                            
                                                <div class="trolleySummary"><p class="saving">
                                                         <!-- %@ include file="../../include/PromotionStrapline.jspf"% -->
                                                </p></div>
                                            <!-- BEGIN CatalogEntryThumbnailDisplay.jsp -->
    <div class="product ">
        
        <div class="errorBanner hidden" id="error1457418"></div>
                        
        
        <div class="productInner">
            <div class="productInfoWrapper">
                <div class="productInfo">
                    
                            <h3>
                                <a href="https://www.sainsburys.co.uk/shop/gb/groceries/product/details/sainsburys-free-from-chocolate-brownie-50g">
                                    Sainsbury's Free From Chocolate Brownie Bar 50g
                                    <img src="https://assets.sainsburys-groceries.co.uk/gol/7976197/image.jpg" alt="">
                                </a>
                            </h3>
                        
<div class="promotion">

                        <p>
                            <a strapline="Meal Deal for Â£5.00 | 7976197" href="https://www.sainsburys.co.uk/shop/PromotionDisplayView?listId=2&amp;catalogId=10241&amp;productId=1457418&amp;langId=44&amp;storeId=10151&amp;promotionId=10664136"><!-- BEGIN include/PromotionStrapline.jspf -->Meal Deal for Â£5.00<br>

<!-- FINISH include/PromotionStrapline.jspf -->
                            </a>
                        </p>
                    
                        <p>
                            <a strapline="Meal Deal for Â£3.75 | 7976197" href="https://www.sainsburys.co.uk/shop/PromotionDisplayView?listId=2&amp;catalogId=10241&amp;productId=1457418&amp;langId=44&amp;storeId=10151&amp;promotionId=10669742">PLUS <!-- BEGIN include/PromotionStrapline.jspf -->Meal Deal for Â£3.75<br>

<!-- FINISH include/PromotionStrapline.jspf -->
                            </a>
                        </p>
                                
</div>

                    <div class="ThumbnailRoundel">
                    <!--ThumbnailRoundel --> 
                    </div>
                    <div class="promoBages">
                        <!-- PROMOTION -->
                    </div>


                    <!-- Review --><!-- BEGIN CatalogEntryRatingsReviewsInfo.jspf --><!-- productAllowedRatingsAndReviews: true -->
<div class="reviews">

    <a class="numberOfReviews" href="https://www.sainsburys.co.uk/shop/gb/groceries/product/details/sainsburys-free-from-chocolate-brownie-50g">
        <img src="//www.sainsburys.co.uk/wcsstore7.137.2/SainsburysStorefrontAssetStore/img/stars/rating-4_5.gif" alt="4.5" border="0">&nbsp; 
        Reviews (6)
    </a>

</div>
<!-- END CatalogEntryRatingsReviewsInfo.jspf -->
                </div>
                <!--ThumbnailRestriction -->
            </div>
            
            <div class="addToTrolleytabBox">
            <!-- addToTrolleytabBox LIST VIEW--><!-- Start UserSubscribedOrNot.jspf --><!-- Start UserSubscribedOrNot.jsp --><!-- 
    If the user is not logged in, render this opening 
    DIV adding an addtional class to fix the border top which is removed 
    and replaced by the tabs
-->
<div class="addToTrolleytabContainer addItemBorderTop">
<!-- End AddToSubscriptionList.jsp --><!-- End AddSubscriptionList.jspf --><!-- 
                    ATTENTION!!!
                    <div class="addToTrolleytabContainer">
                    This opening div is inside "../../ReusableObjects/UserSubscribedOrNot.jsp"
                    -->
                <div class="pricingAndTrolleyOptions">  
                    <div class="priceTab activeContainer priceTabContainer" id="addItem_1457419"> 
                        <div class="pricing">
                            
<p class="pricePerUnit">
Â£1.20 
</p>

<p class="pricePerMeasure">Â£24.00<abbr title="per">/</abbr><abbr title="kilogram"><span class="pricePerMeasureMeasure">kg</span></abbr>
</p>

                                
                        </div>  
                          
                                    <div class="addToTrolleyForm ">   
                                        <!-- BEGIN AddToTrolley.jsp --><!-- fire an on add to bag here from  -->

<form class="addToTrolleyForm" name="OrderItemAddForm_1457418" action="OrderItemAdd" method="post" id="OrderItemAddForm_1457418">
    <input type="hidden" name="storeId" value="10151">
    <input type="hidden" name="langId" value="44">
    <input type="hidden" name="catalogId" value="10241">
    <input type="hidden" name="authToken" id="authToken1457418" value="-1002%2C3jIiHU%2F3lFc4jalpGDAhYOztAdQ%3D">
    
    
    <input type="hidden" name="errorViewName" value="PromotionDisplayView">
    <input type="hidden" name="SKU_ID" value="7976197">
    <input type="hidden" name="itemType" value="">
    <input type="hidden" name="parentSKU" value="">
    
    
       <input type="hidden" id="productCatentryId_1457419" value="1457418">
       <input type="hidden" id="catEntryId_1457418" value="1457419">
       <input type="hidden" name="ItemSKU_ID" value="7976197">
     
        
        <div class="quantity hidden" id="updateQtyPanelProduct_1457418" data-qty="">
            <ul>
                <li>
                    <a class="button decreaseQty " id="decreaseQty_1457418" href="#">-</a> 
                </li>
                <li>	
                    <label class="access" for="quantity_1457418">Quantity</label>						
                    <a href="#" class="button quantityPlp  " id="quantityUpdate_1457418">
                        </a>
                    <input name="quantity" id="quantity_1457418" type="hidden" size="3" value="" class="quantity">		        
                </li>
                <li>
                    
                    <a class="button increaseQty " id="increaseQty_1457418" href="#">+</a>
                </li>
            </ul>
        </div>				
            
        
            <input type="hidden" name="catEntryId" value="1457419">
        

        <input type="hidden" name="productId" value="1457418">
        

    <input type="hidden" name="URL" value="https://www.sainsburys.co.uk/webapp/wcs/stores/servlet/PromotionDisplayView?listId=2&amp;catalogId=10241&amp;productId=1117540&amp;langId=44&amp;storeId=10151&amp;promotionId=10669742">
    <input type="hidden" name="page" value="">
    <input type="hidden" name="contractId" value="">
    <input type="hidden" name="calculateOrder" value="1">
    <input type="hidden" name="calculationUsage" value="-1,-2,-3">
    <input type="hidden" name="updateable" value="1">
    <input type="hidden" name="merge" value="***">

                                  
            <input type="hidden" id="updateUrl_1457418" updateurlchild_1457419="AjaxOrderItemUpdate?calculateOrder=1&amp;itemType=&amp;ordItemUpdateFlag=0&amp;orderId=.&amp;updatePrices=1&amp;authToken=-1002%252C3jIiHU%252F3lFc4jalpGDAhYOztAdQ%253D&amp;calculationUsage=-1,-2,-3&amp;storeId=10151&amp;errorViewName=AjaxQuickCartDisplay&amp;URL=AjaxQuickCartDisplay&amp;catEntryId=1457419&amp;orderItemId_0=&amp;UOM_0=&amp;langId=44&amp;quantity_0=1">
            <input type="hidden" id="removeUrl_1457418" removeurlchild_1457419="AjaxOrderItemUpdate?calculateOrder=1&amp;itemType=&amp;productId=&amp;ordItemUpdateFlag=2&amp;orderId=.&amp;updatePrices=1&amp;authToken=-1002%252C3jIiHU%252F3lFc4jalpGDAhYOztAdQ%253D&amp;calculationUsage=-1,-2,-3&amp;storeId=10151&amp;errorViewName=AjaxQuickCartDisplay&amp;URL=AjaxQuickCartDisplay&amp;catEntryId=1457419&amp;productSKU=&amp;orderItemId_0=&amp;qtyDecremented=true&amp;langId=44&amp;quantity_0=0">           
         
       <input type="hidden" name="callAjax" value="false">
       
    
    <div class="add2Cart " id="addQtyPanelProduct_1457418">    
        
            <a class="button process addQty  " id="addQty_1457418" href="#">
                Add
            </a>

            <input type="hidden" name="Add" value="Add">
        
    </div>

</form>
<!-- END AddToTrolley.jsp -->
                                    </div>  
                                
                    </div><!-- END priceTabContainer Add container --><!-- Subscribe container --><!-- Start AddToSubscriptionList.jspf --><!-- Start AddToSubscriptionList.jsp --><!-- End AddToSubscriptionList.jsp --><!-- End AddToSubscriptionList.jspf --> 
                </div>  
            </div>  
        </div>
    </div>     
    </div> 
    <div id="additionalItems_1457419" class="additionalItems">
        <!-- BEGIN MerchandisingAssociationsDisplay.jsp --><!-- Start - JSP File Name:  MerchandisingAssociationsDisplay.jsp --><!-- END MerchandisingAssociationsDisplay.jsp -->  
    </div> 

<!-- END CatalogEntryThumbnailDisplay.jsp -->
                            </li>
                        
                            <li>
                                
                                                <div class="trolleySummary"><p class="saving">
                                                         <!-- %@ include file="../../include/PromotionStrapline.jspf"% -->
                                                </p></div>
                                            
                                                <div class="trolleySummary"><p class="saving">
                                                         <!-- %@ include file="../../include/PromotionStrapline.jspf"% -->
                                                </p></div>
                                            
                                                <div class="trolleySummary"><p class="saving">
                                                         <!-- %@ include file="../../include/PromotionStrapline.jspf"% -->
                                                </p></div>
                                            <!-- BEGIN CatalogEntryThumbnailDisplay.jsp -->
    <div class="product ">
        
        <div class="errorBanner hidden" id="error1451928"></div>
                        
        
        <div class="productInner">
            <div class="productInfoWrapper">
                <div class="productInfo">
                    
                            <h3>
                                <a href="https://www.sainsburys.co.uk/shop/gb/groceries/product/details/walkers-less-salt-mild-cheese-onion-crisps-45g">
                                    Walkers Less Salt Mild Cheese &amp; Onion Crisps 45g
                                    <img src="https://assets.sainsburys-groceries.co.uk/gol/8120207/image.jpg" alt="">
                                </a>
                            </h3>
                        
<div class="promotion">

                        <p>
                            <a strapline="Meal Deal for Â£5.00 | 8120207" href="https://www.sainsburys.co.uk/shop/PromotionDisplayView?listId=2&amp;catalogId=10241&amp;productId=1451928&amp;langId=44&amp;storeId=10151&amp;promotionId=10664136"><!-- BEGIN include/PromotionStrapline.jspf -->Meal Deal for Â£5.00<br>

<!-- FINISH include/PromotionStrapline.jspf -->
                            </a>
                        </p>
                    
                        <p>
                            <a strapline="Meal Deal for Â£3.75 | 8120207" href="https://www.sainsburys.co.uk/shop/PromotionDisplayView?listId=2&amp;catalogId=10241&amp;productId=1451928&amp;langId=44&amp;storeId=10151&amp;promotionId=10669742">PLUS <!-- BEGIN include/PromotionStrapline.jspf -->Meal Deal for Â£3.75<br>

<!-- FINISH include/PromotionStrapline.jspf -->
                            </a>
                        </p>
                                
</div>

                    <div class="ThumbnailRoundel">
                    <!--ThumbnailRoundel --> 
                    </div>
                    <div class="promoBages">
                        <!-- PROMOTION -->
                    </div>


                    <!-- Review --><!-- BEGIN CatalogEntryRatingsReviewsInfo.jspf --><!-- productAllowedRatingsAndReviews: true -->
<div class="reviews">

    <a class="numberOfReviews" href="https://www.sainsburys.co.uk/shop/gb/groceries/product/details/walkers-less-salt-mild-cheese-onion-crisps-45g">
        <img src="//www.sainsburys.co.uk/wcsstore7.137.2/SainsburysStorefrontAssetStore/img/stars/rating-4_7.gif" alt="4.7391" border="0">&nbsp; 
        Reviews (23)
    </a>

</div>
<!-- END CatalogEntryRatingsReviewsInfo.jspf -->
                </div>
                <!--ThumbnailRestriction -->
            </div>
            
            <div class="addToTrolleytabBox">
            <!-- addToTrolleytabBox LIST VIEW--><!-- Start UserSubscribedOrNot.jspf --><!-- Start UserSubscribedOrNot.jsp --><!-- 
    If the user is not logged in, render this opening 
    DIV adding an addtional class to fix the border top which is removed 
    and replaced by the tabs
-->
<div class="addToTrolleytabContainer addItemBorderTop">
<!-- End AddToSubscriptionList.jsp --><!-- End AddSubscriptionList.jspf --><!-- 
                    ATTENTION!!!
                    <div class="addToTrolleytabContainer">
                    This opening div is inside "../../ReusableObjects/UserSubscribedOrNot.jsp"
                    -->
                <div class="pricingAndTrolleyOptions">  
                    <div class="priceTab activeContainer priceTabContainer" id="addItem_1451929"> 
                        <div class="pricing">
                            
<p class="pricePerUnit">
Â£1.10 
</p>

<p class="pricePerMeasure">Â£2.44<abbr title="per">/</abbr>100<abbr title="gram"><span class="pricePerMeasureMeasure">g</span></abbr>
</p>

                                
                        </div>  
                          
                                    <div class="addToTrolleyForm ">   
                                        <!-- BEGIN AddToTrolley.jsp --><!-- fire an on add to bag here from  -->

<form class="addToTrolleyForm" name="OrderItemAddForm_1451928" action="OrderItemAdd" method="post" id="OrderItemAddForm_1451928">
    <input type="hidden" name="storeId" value="10151">
    <input type="hidden" name="langId" value="44">
    <input type="hidden" name="catalogId" value="10241">
    <input type="hidden" name="authToken" id="authToken1451928" value="-1002%2C3jIiHU%2F3lFc4jalpGDAhYOztAdQ%3D">
    
    
    <input type="hidden" name="errorViewName" value="PromotionDisplayView">
    <input type="hidden" name="SKU_ID" value="8120207">
    <input type="hidden" name="itemType" value="">
    <input type="hidden" name="parentSKU" value="">
    
    
       <input type="hidden" id="productCatentryId_1451929" value="1451928">
       <input type="hidden" id="catEntryId_1451928" value="1451929">
       <input type="hidden" name="ItemSKU_ID" value="8120207">
     
        
        <div class="quantity hidden" id="updateQtyPanelProduct_1451928" data-qty="">
            <ul>
                <li>
                    <a class="button decreaseQty " id="decreaseQty_1451928" href="#">-</a> 
                </li>
                <li>	
                    <label class="access" for="quantity_1451928">Quantity</label>						
                    <a href="#" class="button quantityPlp  " id="quantityUpdate_1451928">
                        </a>
                    <input name="quantity" id="quantity_1451928" type="hidden" size="3" value="" class="quantity">		        
                </li>
                <li>
                    
                    <a class="button increaseQty " id="increaseQty_1451928" href="#">+</a>
                </li>
            </ul>
        </div>				
            
        
            <input type="hidden" name="catEntryId" value="1451929">
        

        <input type="hidden" name="productId" value="1451928">
        

    <input type="hidden" name="URL" value="https://www.sainsburys.co.uk/webapp/wcs/stores/servlet/PromotionDisplayView?listId=2&amp;catalogId=10241&amp;productId=1117540&amp;langId=44&amp;storeId=10151&amp;promotionId=10669742">
    <input type="hidden" name="page" value="">
    <input type="hidden" name="contractId" value="">
    <input type="hidden" name="calculateOrder" value="1">
    <input type="hidden" name="calculationUsage" value="-1,-2,-3">
    <input type="hidden" name="updateable" value="1">
    <input type="hidden" name="merge" value="***">

                                  
            <input type="hidden" id="updateUrl_1451928" updateurlchild_1451929="AjaxOrderItemUpdate?calculateOrder=1&amp;itemType=&amp;ordItemUpdateFlag=0&amp;orderId=.&amp;updatePrices=1&amp;authToken=-1002%252C3jIiHU%252F3lFc4jalpGDAhYOztAdQ%253D&amp;calculationUsage=-1,-2,-3&amp;storeId=10151&amp;errorViewName=AjaxQuickCartDisplay&amp;URL=AjaxQuickCartDisplay&amp;catEntryId=1451929&amp;orderItemId_0=&amp;UOM_0=&amp;langId=44&amp;quantity_0=1">
            <input type="hidden" id="removeUrl_1451928" removeurlchild_1451929="AjaxOrderItemUpdate?calculateOrder=1&amp;itemType=&amp;productId=&amp;ordItemUpdateFlag=2&amp;orderId=.&amp;updatePrices=1&amp;authToken=-1002%252C3jIiHU%252F3lFc4jalpGDAhYOztAdQ%253D&amp;calculationUsage=-1,-2,-3&amp;storeId=10151&amp;errorViewName=AjaxQuickCartDisplay&amp;URL=AjaxQuickCartDisplay&amp;catEntryId=1451929&amp;productSKU=&amp;orderItemId_0=&amp;qtyDecremented=true&amp;langId=44&amp;quantity_0=0">           
         
       <input type="hidden" name="callAjax" value="false">
       
    
    <div class="add2Cart " id="addQtyPanelProduct_1451928">    
        
            <a class="button process addQty  " id="addQty_1451928" href="#">
                Add
            </a>

            <input type="hidden" name="Add" value="Add">
        
    </div>

</form>
<!-- END AddToTrolley.jsp -->
                                    </div>  
                                
                    </div><!-- END priceTabContainer Add container --><!-- Subscribe container --><!-- Start AddToSubscriptionList.jspf --><!-- Start AddToSubscriptionList.jsp --><!-- End AddToSubscriptionList.jsp --><!-- End AddToSubscriptionList.jspf --> 
                </div>  
            </div>  
        </div>
    </div>     
    </div> 
    <div id="additionalItems_1451929" class="additionalItems">
        <!-- BEGIN MerchandisingAssociationsDisplay.jsp --><!-- Start - JSP File Name:  MerchandisingAssociationsDisplay.jsp --><!-- END MerchandisingAssociationsDisplay.jsp -->  
    </div> 

<!-- END CatalogEntryThumbnailDisplay.jsp -->
                            </li>
                        
                            <li>
                                
                                                <div class="trolleySummary"><p class="saving">
                                                         <!-- %@ include file="../../include/PromotionStrapline.jspf"% -->
                                                </p></div>
                                            
                                                <div class="trolleySummary"><p class="saving">
                                                         <!-- %@ include file="../../include/PromotionStrapline.jspf"% -->
                                                </p></div>
                                            
                                                <div class="trolleySummary"><p class="saving">
                                                         <!-- %@ include file="../../include/PromotionStrapline.jspf"% -->
                                                </p></div>
                                            <!-- BEGIN CatalogEntryThumbnailDisplay.jsp -->
    <div class="product ">
        
        <div class="errorBanner hidden" id="error1274820"></div>
                        
        
        <div class="productInner">
            <div class="productInfoWrapper">
                <div class="productInfo">
                    
                            <h3>
                                <a href="https://www.sainsburys.co.uk/shop/gb/groceries/product/details/cathedral-city-snack-bar-original-cheese-24g">
                                    Cathedral City Snack Bar Original  Mature Cheddar Cheese 24g
                                    <img src="https://assets.sainsburys-groceries.co.uk/gol/7959126/image.jpg" alt="">
                                </a>
                            </h3>
                        
<div class="promotion">

                        <p>
                            <a strapline="Meal Deal for Â£5.00 | 7959126" href="https://www.sainsburys.co.uk/shop/PromotionDisplayView?listId=2&amp;catalogId=10241&amp;productId=1274820&amp;langId=44&amp;storeId=10151&amp;promotionId=10664136"><!-- BEGIN include/PromotionStrapline.jspf -->Meal Deal for Â£5.00<br>

<!-- FINISH include/PromotionStrapline.jspf -->
                            </a>
                        </p>
                    
                        <p>
                            <a strapline="Meal Deal for Â£3.75 | 7959126" href="https://www.sainsburys.co.uk/shop/PromotionDisplayView?listId=2&amp;catalogId=10241&amp;productId=1274820&amp;langId=44&amp;storeId=10151&amp;promotionId=10669742">PLUS <!-- BEGIN include/PromotionStrapline.jspf -->Meal Deal for Â£3.75<br>

<!-- FINISH include/PromotionStrapline.jspf -->
                            </a>
                        </p>
                                
</div>

                    <div class="ThumbnailRoundel">
                    <!--ThumbnailRoundel --> 
                    </div>
                    <div class="promoBages">
                        <!-- PROMOTION -->

<div class="badges">
<ul>
    
            
             <li class="lastchild">

                                 
                <img src="/wcsstore7.137.2/SainsburysStorefrontAssetStore/wcassets/icons/2019/chilled_01_11_19.png" alt="Chilled">
                    
                
            </li>
        
</ul>   
</div>

                    </div>


                    <!-- Review --><!-- BEGIN CatalogEntryRatingsReviewsInfo.jspf --><!-- productAllowedRatingsAndReviews: true -->
<div class="reviews">

    <a class="numberOfReviews" href="https://www.sainsburys.co.uk/shop/gb/groceries/product/details/cathedral-city-snack-bar-original-cheese-24g">
        <img src="//www.sainsburys.co.uk/wcsstore7.137.2/SainsburysStorefrontAssetStore/img/stars/rating-5_0.gif" alt="5.0" border="0">&nbsp; 
        Reviews (3)
    </a>

</div>
<!-- END CatalogEntryRatingsReviewsInfo.jspf -->
                </div>
                <!--ThumbnailRestriction -->
            </div>
            
            <div class="addToTrolleytabBox">
            <!-- addToTrolleytabBox LIST VIEW--><!-- Start UserSubscribedOrNot.jspf --><!-- Start UserSubscribedOrNot.jsp --><!-- 
    If the user is not logged in, render this opening 
    DIV adding an addtional class to fix the border top which is removed 
    and replaced by the tabs
-->
<div class="addToTrolleytabContainer addItemBorderTop">
<!-- End AddToSubscriptionList.jsp --><!-- End AddSubscriptionList.jspf --><!-- 
                    ATTENTION!!!
                    <div class="addToTrolleytabContainer">
                    This opening div is inside "../../ReusableObjects/UserSubscribedOrNot.jsp"
                    -->
                <div class="pricingAndTrolleyOptions">  
                    <div class="priceTab activeContainer priceTabContainer" id="addItem_1274821"> 
                        <div class="pricing">
                            
<p class="pricePerUnit">
Â£1.30 
</p>

<p class="pricePerMeasure">Â£5.42<abbr title="per">/</abbr>100<abbr title="gram"><span class="pricePerMeasureMeasure">g</span></abbr>
</p>

                                
                        </div>  
                          
                                    <div class="addToTrolleyForm ">   
                                        <!-- BEGIN AddToTrolley.jsp --><!-- fire an on add to bag here from  -->

<form class="addToTrolleyForm" name="OrderItemAddForm_1274820" action="OrderItemAdd" method="post" id="OrderItemAddForm_1274820">
    <input type="hidden" name="storeId" value="10151">
    <input type="hidden" name="langId" value="44">
    <input type="hidden" name="catalogId" value="10241">
    <input type="hidden" name="authToken" id="authToken1274820" value="-1002%2C3jIiHU%2F3lFc4jalpGDAhYOztAdQ%3D">
    
    
    <input type="hidden" name="errorViewName" value="PromotionDisplayView">
    <input type="hidden" name="SKU_ID" value="7959126">
    <input type="hidden" name="itemType" value="">
    <input type="hidden" name="parentSKU" value="">
    
    
       <input type="hidden" id="productCatentryId_1274821" value="1274820">
       <input type="hidden" id="catEntryId_1274820" value="1274821">
       <input type="hidden" name="ItemSKU_ID" value="7959126">
     
        
        <div class="quantity hidden" id="updateQtyPanelProduct_1274820" data-qty="">
            <ul>
                <li>
                    <a class="button decreaseQty " id="decreaseQty_1274820" href="#">-</a> 
                </li>
                <li>	
                    <label class="access" for="quantity_1274820">Quantity</label>						
                    <a href="#" class="button quantityPlp  " id="quantityUpdate_1274820">
                        </a>
                    <input name="quantity" id="quantity_1274820" type="hidden" size="3" value="" class="quantity">		        
                </li>
                <li>
                    
                    <a class="button increaseQty " id="increaseQty_1274820" href="#">+</a>
                </li>
            </ul>
        </div>				
            
        
            <input type="hidden" name="catEntryId" value="1274821">
        

        <input type="hidden" name="productId" value="1274820">
        

    <input type="hidden" name="URL" value="https://www.sainsburys.co.uk/webapp/wcs/stores/servlet/PromotionDisplayView?listId=2&amp;catalogId=10241&amp;productId=1117540&amp;langId=44&amp;storeId=10151&amp;promotionId=10669742">
    <input type="hidden" name="page" value="">
    <input type="hidden" name="contractId" value="">
    <input type="hidden" name="calculateOrder" value="1">
    <input type="hidden" name="calculationUsage" value="-1,-2,-3">
    <input type="hidden" name="updateable" value="1">
    <input type="hidden" name="merge" value="***">

                                  
            <input type="hidden" id="updateUrl_1274820" updateurlchild_1274821="AjaxOrderItemUpdate?calculateOrder=1&amp;itemType=&amp;ordItemUpdateFlag=0&amp;orderId=.&amp;updatePrices=1&amp;authToken=-1002%252C3jIiHU%252F3lFc4jalpGDAhYOztAdQ%253D&amp;calculationUsage=-1,-2,-3&amp;storeId=10151&amp;errorViewName=AjaxQuickCartDisplay&amp;URL=AjaxQuickCartDisplay&amp;catEntryId=1274821&amp;orderItemId_0=&amp;UOM_0=&amp;langId=44&amp;quantity_0=1">
            <input type="hidden" id="removeUrl_1274820" removeurlchild_1274821="AjaxOrderItemUpdate?calculateOrder=1&amp;itemType=&amp;productId=&amp;ordItemUpdateFlag=2&amp;orderId=.&amp;updatePrices=1&amp;authToken=-1002%252C3jIiHU%252F3lFc4jalpGDAhYOztAdQ%253D&amp;calculationUsage=-1,-2,-3&amp;storeId=10151&amp;errorViewName=AjaxQuickCartDisplay&amp;URL=AjaxQuickCartDisplay&amp;catEntryId=1274821&amp;productSKU=&amp;orderItemId_0=&amp;qtyDecremented=true&amp;langId=44&amp;quantity_0=0">           
         
       <input type="hidden" name="callAjax" value="false">
       
    
    <div class="add2Cart " id="addQtyPanelProduct_1274820">    
        
            <a class="button process addQty  " id="addQty_1274820" href="#">
                Add
            </a>

            <input type="hidden" name="Add" value="Add">
        
    </div>

</form>
<!-- END AddToTrolley.jsp -->
                                    </div>  
                                
                    </div><!-- END priceTabContainer Add container --><!-- Subscribe container --><!-- Start AddToSubscriptionList.jspf --><!-- Start AddToSubscriptionList.jsp --><!-- End AddToSubscriptionList.jsp --><!-- End AddToSubscriptionList.jspf --> 
                </div>  
            </div>  
        </div>
    </div>     
    </div> 
    <div id="additionalItems_1274821" class="additionalItems">
        <!-- BEGIN MerchandisingAssociationsDisplay.jsp --><!-- Start - JSP File Name:  MerchandisingAssociationsDisplay.jsp --><!-- END MerchandisingAssociationsDisplay.jsp -->  
    </div> 

<!-- END CatalogEntryThumbnailDisplay.jsp -->
                            </li>
                        
                            <li>
                                
                                                <div class="trolleySummary"><p class="saving">
                                                         <!-- %@ include file="../../include/PromotionStrapline.jspf"% -->
                                                </p></div>
                                            
                                                <div class="trolleySummary"><p class="saving">
                                                         <!-- %@ include file="../../include/PromotionStrapline.jspf"% -->
                                                </p></div>
                                            
                                                <div class="trolleySummary"><p class="saving">
                                                         <!-- %@ include file="../../include/PromotionStrapline.jspf"% -->
                                                </p></div>
                                            <!-- BEGIN CatalogEntryThumbnailDisplay.jsp -->
    <div class="product ">
        
        <div class="errorBanner hidden" id="error1452002"></div>
                        
        
        <div class="productInner">
            <div class="productInfoWrapper">
                <div class="productInfo">
                    
                            <h3>
                                <a href="https://www.sainsburys.co.uk/shop/gb/groceries/product/details/kind-fruit-nut-snack-bar-40g">
                                    Kind Fruit &amp; Nut Snack Bar 40g
                                    <img src="https://assets.sainsburys-groceries.co.uk/gol/8120242/image.jpg" alt="">
                                </a>
                            </h3>
                        
<div class="promotion">

                        <p>
                            <a strapline="Meal Deal for Â£5.00 | 8120242" href="https://www.sainsburys.co.uk/shop/PromotionDisplayView?listId=2&amp;catalogId=10241&amp;productId=1452002&amp;langId=44&amp;storeId=10151&amp;promotionId=10664136"><!-- BEGIN include/PromotionStrapline.jspf -->Meal Deal for Â£5.00<br>

<!-- FINISH include/PromotionStrapline.jspf -->
                            </a>
                        </p>
                    
                        <p>
                            <a strapline="Meal Deal for Â£3.75 | 8120242" href="https://www.sainsburys.co.uk/shop/PromotionDisplayView?listId=2&amp;catalogId=10241&amp;productId=1452002&amp;langId=44&amp;storeId=10151&amp;promotionId=10669742">PLUS <!-- BEGIN include/PromotionStrapline.jspf -->Meal Deal for Â£3.75<br>

<!-- FINISH include/PromotionStrapline.jspf -->
                            </a>
                        </p>
                                
</div>

                    <div class="ThumbnailRoundel">
                    <!--ThumbnailRoundel --> 
                    </div>
                    <div class="promoBages">
                        <!-- PROMOTION -->
                    </div>


                    <!-- Review --><!-- BEGIN CatalogEntryRatingsReviewsInfo.jspf --><!-- productAllowedRatingsAndReviews: true -->
<div class="reviews">

    <a class="numberOfReviews" href="https://www.sainsburys.co.uk/shop/gb/groceries/product/details/kind-fruit-nut-snack-bar-40g">
        <img src="//www.sainsburys.co.uk/wcsstore7.137.2/SainsburysStorefrontAssetStore/img/stars/rating-4_7.gif" alt="4.6538" border="0">&nbsp; 
        Reviews (26)
    </a>

</div>
<!-- END CatalogEntryRatingsReviewsInfo.jspf -->
                </div>
                <!--ThumbnailRestriction -->
            </div>
            
            <div class="addToTrolleytabBox">
            <!-- addToTrolleytabBox LIST VIEW--><!-- Start UserSubscribedOrNot.jspf --><!-- Start UserSubscribedOrNot.jsp --><!-- 
    If the user is not logged in, render this opening 
    DIV adding an addtional class to fix the border top which is removed 
    and replaced by the tabs
-->
<div class="addToTrolleytabContainer addItemBorderTop">
<!-- End AddToSubscriptionList.jsp --><!-- End AddSubscriptionList.jspf --><!-- 
                    ATTENTION!!!
                    <div class="addToTrolleytabContainer">
                    This opening div is inside "../../ReusableObjects/UserSubscribedOrNot.jsp"
                    -->
                <div class="pricingAndTrolleyOptions">  
                    <div class="priceTab activeContainer priceTabContainer" id="addItem_1452003"> 
                        <div class="pricing">
                            
<p class="pricePerUnit">
Â£1.40 
</p>

<p class="pricePerMeasure">Â£3.50<abbr title="per">/</abbr>100<abbr title="gram"><span class="pricePerMeasureMeasure">g</span></abbr>
</p>

                                
                        </div>  
                          
                                    <div class="addToTrolleyForm ">   
                                        <!-- BEGIN AddToTrolley.jsp --><!-- fire an on add to bag here from  -->

<form class="addToTrolleyForm" name="OrderItemAddForm_1452002" action="OrderItemAdd" method="post" id="OrderItemAddForm_1452002">
    <input type="hidden" name="storeId" value="10151">
    <input type="hidden" name="langId" value="44">
    <input type="hidden" name="catalogId" value="10241">
    <input type="hidden" name="authToken" id="authToken1452002" value="-1002%2C3jIiHU%2F3lFc4jalpGDAhYOztAdQ%3D">
    
    
    <input type="hidden" name="errorViewName" value="PromotionDisplayView">
    <input type="hidden" name="SKU_ID" value="8120242">
    <input type="hidden" name="itemType" value="">
    <input type="hidden" name="parentSKU" value="">
    
    
       <input type="hidden" id="productCatentryId_1452003" value="1452002">
       <input type="hidden" id="catEntryId_1452002" value="1452003">
       <input type="hidden" name="ItemSKU_ID" value="8120242">
     
        
        <div class="quantity hidden" id="updateQtyPanelProduct_1452002" data-qty="">
            <ul>
                <li>
                    <a class="button decreaseQty " id="decreaseQty_1452002" href="#">-</a> 
                </li>
                <li>	
                    <label class="access" for="quantity_1452002">Quantity</label>						
                    <a href="#" class="button quantityPlp  " id="quantityUpdate_1452002">
                        </a>
                    <input name="quantity" id="quantity_1452002" type="hidden" size="3" value="" class="quantity">		        
                </li>
                <li>
                    
                    <a class="button increaseQty " id="increaseQty_1452002" href="#">+</a>
                </li>
            </ul>
        </div>				
            
        
            <input type="hidden" name="catEntryId" value="1452003">
        

        <input type="hidden" name="productId" value="1452002">
        

    <input type="hidden" name="URL" value="https://www.sainsburys.co.uk/webapp/wcs/stores/servlet/PromotionDisplayView?listId=2&amp;catalogId=10241&amp;productId=1117540&amp;langId=44&amp;storeId=10151&amp;promotionId=10669742">
    <input type="hidden" name="page" value="">
    <input type="hidden" name="contractId" value="">
    <input type="hidden" name="calculateOrder" value="1">
    <input type="hidden" name="calculationUsage" value="-1,-2,-3">
    <input type="hidden" name="updateable" value="1">
    <input type="hidden" name="merge" value="***">

                                  
            <input type="hidden" id="updateUrl_1452002" updateurlchild_1452003="AjaxOrderItemUpdate?calculateOrder=1&amp;itemType=&amp;ordItemUpdateFlag=0&amp;orderId=.&amp;updatePrices=1&amp;authToken=-1002%252C3jIiHU%252F3lFc4jalpGDAhYOztAdQ%253D&amp;calculationUsage=-1,-2,-3&amp;storeId=10151&amp;errorViewName=AjaxQuickCartDisplay&amp;URL=AjaxQuickCartDisplay&amp;catEntryId=1452003&amp;orderItemId_0=&amp;UOM_0=&amp;langId=44&amp;quantity_0=1">
            <input type="hidden" id="removeUrl_1452002" removeurlchild_1452003="AjaxOrderItemUpdate?calculateOrder=1&amp;itemType=&amp;productId=&amp;ordItemUpdateFlag=2&amp;orderId=.&amp;updatePrices=1&amp;authToken=-1002%252C3jIiHU%252F3lFc4jalpGDAhYOztAdQ%253D&amp;calculationUsage=-1,-2,-3&amp;storeId=10151&amp;errorViewName=AjaxQuickCartDisplay&amp;URL=AjaxQuickCartDisplay&amp;catEntryId=1452003&amp;productSKU=&amp;orderItemId_0=&amp;qtyDecremented=true&amp;langId=44&amp;quantity_0=0">           
         
       <input type="hidden" name="callAjax" value="false">
       
    
    <div class="add2Cart " id="addQtyPanelProduct_1452002">    
        
            <a class="button process addQty  " id="addQty_1452002" href="#">
                Add
            </a>

            <input type="hidden" name="Add" value="Add">
        
    </div>

</form>
<!-- END AddToTrolley.jsp -->
                                    </div>  
                                
                    </div><!-- END priceTabContainer Add container --><!-- Subscribe container --><!-- Start AddToSubscriptionList.jspf --><!-- Start AddToSubscriptionList.jsp --><!-- End AddToSubscriptionList.jsp --><!-- End AddToSubscriptionList.jspf --> 
                </div>  
            </div>  
        </div>
    </div>     
    </div> 
    <div id="additionalItems_1452003" class="additionalItems">
        <!-- BEGIN MerchandisingAssociationsDisplay.jsp --><!-- Start - JSP File Name:  MerchandisingAssociationsDisplay.jsp --><!-- END MerchandisingAssociationsDisplay.jsp -->  
    </div> 

<!-- END CatalogEntryThumbnailDisplay.jsp -->
                            </li>
                        
                            <li>
                                
                                                <div class="trolleySummary"><p class="saving">
                                                         <!-- %@ include file="../../include/PromotionStrapline.jspf"% -->
                                                </p></div>
                                            
                                                <div class="trolleySummary"><p class="saving">
                                                         <!-- %@ include file="../../include/PromotionStrapline.jspf"% -->
                                                </p></div>
                                            
                                                <div class="trolleySummary"><p class="saving">
                                                         <!-- %@ include file="../../include/PromotionStrapline.jspf"% -->
                                                </p></div>
                                            <!-- BEGIN CatalogEntryThumbnailDisplay.jsp -->
    <div class="product ">
        
        <div class="errorBanner hidden" id="error1132694"></div>
                        
        
        <div class="productInner">
            <div class="productInfoWrapper">
                <div class="productInfo">
                    
                            <h3>
                                <a href="https://www.sainsburys.co.uk/shop/gb/groceries/product/details/itsu-sweet-chilli-prawn-crackers-19g">
                                    Itsu Sweet Chilli Prawn Crackers 19g
                                    <img src="https://assets.sainsburys-groceries.co.uk/gol/7861546/image.jpg" alt="">
                                </a>
                            </h3>
                        
<div class="promotion">

                        <p>
                            <a strapline="Meal Deal for Â£5.00 | 7861546" href="https://www.sainsburys.co.uk/shop/PromotionDisplayView?listId=2&amp;catalogId=10241&amp;productId=1132694&amp;langId=44&amp;storeId=10151&amp;promotionId=10664136"><!-- BEGIN include/PromotionStrapline.jspf -->Meal Deal for Â£5.00<br>

<!-- FINISH include/PromotionStrapline.jspf -->
                            </a>
                        </p>
                    
                        <p>
                            <a strapline="Meal Deal for Â£3.75 | 7861546" href="https://www.sainsburys.co.uk/shop/PromotionDisplayView?listId=2&amp;catalogId=10241&amp;productId=1132694&amp;langId=44&amp;storeId=10151&amp;promotionId=10669742">PLUS <!-- BEGIN include/PromotionStrapline.jspf -->Meal Deal for Â£3.75<br>

<!-- FINISH include/PromotionStrapline.jspf -->
                            </a>
                        </p>
                                
</div>

                    <div class="ThumbnailRoundel">
                    <!--ThumbnailRoundel --> 
                    </div>
                    <div class="promoBages">
                        <!-- PROMOTION -->
                    </div>


                    <!-- Review --><!-- BEGIN CatalogEntryRatingsReviewsInfo.jspf --><!-- productAllowedRatingsAndReviews: true -->
<div class="reviews">

    <a class="numberOfReviews" href="https://www.sainsburys.co.uk/shop/gb/groceries/product/details/itsu-sweet-chilli-prawn-crackers-19g">
        <img src="//www.sainsburys.co.uk/wcsstore7.137.2/SainsburysStorefrontAssetStore/img/stars/rating-5_0.gif" alt="5.0" border="0">&nbsp; 
        Reviews (3)
    </a>

</div>
<!-- END CatalogEntryRatingsReviewsInfo.jspf -->
                </div>
                <!--ThumbnailRestriction -->
            </div>
            
            <div class="addToTrolleytabBox">
            <!-- addToTrolleytabBox LIST VIEW--><!-- Start UserSubscribedOrNot.jspf --><!-- Start UserSubscribedOrNot.jsp --><!-- 
    If the user is not logged in, render this opening 
    DIV adding an addtional class to fix the border top which is removed 
    and replaced by the tabs
-->
<div class="addToTrolleytabContainer addItemBorderTop">
<!-- End AddToSubscriptionList.jsp --><!-- End AddSubscriptionList.jspf --><!-- 
                    ATTENTION!!!
                    <div class="addToTrolleytabContainer">
                    This opening div is inside "../../ReusableObjects/UserSubscribedOrNot.jsp"
                    -->
                <div class="pricingAndTrolleyOptions">  
                    <div class="priceTab activeContainer priceTabContainer" id="addItem_1132695"> 
                        <div class="pricing">
                            
<p class="pricePerUnit">
80p 
</p>

<p class="pricePerMeasure">Â£4.21<abbr title="per">/</abbr>100<abbr title="gram"><span class="pricePerMeasureMeasure">g</span></abbr>
</p>

                                
                        </div>  
                          
                                    <div class="addToTrolleyForm ">   
                                        <!-- BEGIN AddToTrolley.jsp --><!-- fire an on add to bag here from  -->

<form class="addToTrolleyForm" name="OrderItemAddForm_1132694" action="OrderItemAdd" method="post" id="OrderItemAddForm_1132694">
    <input type="hidden" name="storeId" value="10151">
    <input type="hidden" name="langId" value="44">
    <input type="hidden" name="catalogId" value="10241">
    <input type="hidden" name="authToken" id="authToken1132694" value="-1002%2C3jIiHU%2F3lFc4jalpGDAhYOztAdQ%3D">
    
    
    <input type="hidden" name="errorViewName" value="PromotionDisplayView">
    <input type="hidden" name="SKU_ID" value="7861546">
    <input type="hidden" name="itemType" value="">
    <input type="hidden" name="parentSKU" value="">
    
    
       <input type="hidden" id="productCatentryId_1132695" value="1132694">
       <input type="hidden" id="catEntryId_1132694" value="1132695">
       <input type="hidden" name="ItemSKU_ID" value="7861546">
     
        
        <div class="quantity hidden" id="updateQtyPanelProduct_1132694" data-qty="">
            <ul>
                <li>
                    <a class="button decreaseQty " id="decreaseQty_1132694" href="#">-</a> 
                </li>
                <li>	
                    <label class="access" for="quantity_1132694">Quantity</label>						
                    <a href="#" class="button quantityPlp  " id="quantityUpdate_1132694">
                        </a>
                    <input name="quantity" id="quantity_1132694" type="hidden" size="3" value="" class="quantity">		        
                </li>
                <li>
                    
                    <a class="button increaseQty " id="increaseQty_1132694" href="#">+</a>
                </li>
            </ul>
        </div>				
            
        
            <input type="hidden" name="catEntryId" value="1132695">
        

        <input type="hidden" name="productId" value="1132694">
        

    <input type="hidden" name="URL" value="https://www.sainsburys.co.uk/webapp/wcs/stores/servlet/PromotionDisplayView?listId=2&amp;catalogId=10241&amp;productId=1117540&amp;langId=44&amp;storeId=10151&amp;promotionId=10669742">
    <input type="hidden" name="page" value="">
    <input type="hidden" name="contractId" value="">
    <input type="hidden" name="calculateOrder" value="1">
    <input type="hidden" name="calculationUsage" value="-1,-2,-3">
    <input type="hidden" name="updateable" value="1">
    <input type="hidden" name="merge" value="***">

                                  
            <input type="hidden" id="updateUrl_1132694" updateurlchild_1132695="AjaxOrderItemUpdate?calculateOrder=1&amp;itemType=&amp;ordItemUpdateFlag=0&amp;orderId=.&amp;updatePrices=1&amp;authToken=-1002%252C3jIiHU%252F3lFc4jalpGDAhYOztAdQ%253D&amp;calculationUsage=-1,-2,-3&amp;storeId=10151&amp;errorViewName=AjaxQuickCartDisplay&amp;URL=AjaxQuickCartDisplay&amp;catEntryId=1132695&amp;orderItemId_0=&amp;UOM_0=&amp;langId=44&amp;quantity_0=1">
            <input type="hidden" id="removeUrl_1132694" removeurlchild_1132695="AjaxOrderItemUpdate?calculateOrder=1&amp;itemType=&amp;productId=&amp;ordItemUpdateFlag=2&amp;orderId=.&amp;updatePrices=1&amp;authToken=-1002%252C3jIiHU%252F3lFc4jalpGDAhYOztAdQ%253D&amp;calculationUsage=-1,-2,-3&amp;storeId=10151&amp;errorViewName=AjaxQuickCartDisplay&amp;URL=AjaxQuickCartDisplay&amp;catEntryId=1132695&amp;productSKU=&amp;orderItemId_0=&amp;qtyDecremented=true&amp;langId=44&amp;quantity_0=0">           
         
       <input type="hidden" name="callAjax" value="false">
       
    
    <div class="add2Cart " id="addQtyPanelProduct_1132694">    
        
            <a class="button process addQty  " id="addQty_1132694" href="#">
                Add
            </a>

            <input type="hidden" name="Add" value="Add">
        
    </div>

</form>
<!-- END AddToTrolley.jsp -->
                                    </div>  
                                
                    </div><!-- END priceTabContainer Add container --><!-- Subscribe container --><!-- Start AddToSubscriptionList.jspf --><!-- Start AddToSubscriptionList.jsp --><!-- End AddToSubscriptionList.jsp --><!-- End AddToSubscriptionList.jspf --> 
                </div>  
            </div>  
        </div>
    </div>     
    </div> 
    <div id="additionalItems_1132695" class="additionalItems">
        <!-- BEGIN MerchandisingAssociationsDisplay.jsp --><!-- Start - JSP File Name:  MerchandisingAssociationsDisplay.jsp --><!-- END MerchandisingAssociationsDisplay.jsp -->  
    </div> 

<!-- END CatalogEntryThumbnailDisplay.jsp -->
                            </li>
                        
                            <li>
                                
                                                <div class="trolleySummary"><p class="saving">
                                                         <!-- %@ include file="../../include/PromotionStrapline.jspf"% -->
                                                </p></div>
                                            
                                                <div class="trolleySummary"><p class="saving">
                                                         <!-- %@ include file="../../include/PromotionStrapline.jspf"% -->
                                                </p></div>
                                            
                                                <div class="trolleySummary"><p class="saving">
                                                         <!-- %@ include file="../../include/PromotionStrapline.jspf"% -->
                                                </p></div>
                                            <!-- BEGIN CatalogEntryThumbnailDisplay.jsp -->
    <div class="product ">
        
        <div class="errorBanner hidden" id="error1527000"></div>
                        
        
        <div class="productInner">
            <div class="productInfoWrapper">
                <div class="productInfo">
                    
                            <h3>
                                <a href="https://www.sainsburys.co.uk/shop/gb/groceries/product/details/jammie-dodgers-raspberry-flavour-giant-jammie-50g">
                                    Jammie Dodgers Raspberry Flavour Giant Jammie 50g
                                    <img src="https://assets.sainsburys-groceries.co.uk/gol/8190121/image.jpg" alt="">
                                </a>
                            </h3>
                        
<div class="promotion">

                        <p>
                            <a strapline="Meal Deal for Â£5.00 | 8190121" href="https://www.sainsburys.co.uk/shop/PromotionDisplayView?listId=2&amp;catalogId=10241&amp;productId=1527000&amp;langId=44&amp;storeId=10151&amp;promotionId=10664136"><!-- BEGIN include/PromotionStrapline.jspf -->Meal Deal for Â£5.00<br>

<!-- FINISH include/PromotionStrapline.jspf -->
                            </a>
                        </p>
                    
                        <p>
                            <a strapline="Meal Deal for Â£3.75 | 8190121" href="https://www.sainsburys.co.uk/shop/PromotionDisplayView?listId=2&amp;catalogId=10241&amp;productId=1527000&amp;langId=44&amp;storeId=10151&amp;promotionId=10669742">PLUS <!-- BEGIN include/PromotionStrapline.jspf -->Meal Deal for Â£3.75<br>

<!-- FINISH include/PromotionStrapline.jspf -->
                            </a>
                        </p>
                                
</div>

                    <div class="ThumbnailRoundel">
                    <!--ThumbnailRoundel --> 
                    </div>
                    <div class="promoBages">
                        <!-- PROMOTION -->
                    </div>


                    <!-- Review --><!-- BEGIN CatalogEntryRatingsReviewsInfo.jspf --><!-- productAllowedRatingsAndReviews: true -->
<div class="reviews">

    <a class="numberOfReviews" href="https://www.sainsburys.co.uk/shop/gb/groceries/product/details/jammie-dodgers-raspberry-flavour-giant-jammie-50g">
        <img src="//www.sainsburys.co.uk/wcsstore7.137.2/SainsburysStorefrontAssetStore/img/stars/rating-4_7.gif" alt="4.6667" border="0">&nbsp; 
        Reviews (9)
    </a>

</div>
<!-- END CatalogEntryRatingsReviewsInfo.jspf -->
                </div>
                <!--ThumbnailRestriction -->
            </div>
            
            <div class="addToTrolleytabBox">
            <!-- addToTrolleytabBox LIST VIEW--><!-- Start UserSubscribedOrNot.jspf --><!-- Start UserSubscribedOrNot.jsp --><!-- 
    If the user is not logged in, render this opening 
    DIV adding an addtional class to fix the border top which is removed 
    and replaced by the tabs
-->
<div class="addToTrolleytabContainer addItemBorderTop">
<!-- End AddToSubscriptionList.jsp --><!-- End AddSubscriptionList.jspf --><!-- 
                    ATTENTION!!!
                    <div class="addToTrolleytabContainer">
                    This opening div is inside "../../ReusableObjects/UserSubscribedOrNot.jsp"
                    -->
                <div class="pricingAndTrolleyOptions">  
                    <div class="priceTab activeContainer priceTabContainer" id="addItem_1527001"> 
                        <div class="pricing">
                            
<p class="pricePerUnit">
Â£1.00 
</p>

<p class="pricePerMeasure">Â£2.00<abbr title="per">/</abbr>100<abbr title="gram"><span class="pricePerMeasureMeasure">g</span></abbr>
</p>

                                
                        </div>  
                          
                                    <div class="addToTrolleyForm ">   
                                        <!-- BEGIN AddToTrolley.jsp --><!-- fire an on add to bag here from  -->

<form class="addToTrolleyForm" name="OrderItemAddForm_1527000" action="OrderItemAdd" method="post" id="OrderItemAddForm_1527000">
    <input type="hidden" name="storeId" value="10151">
    <input type="hidden" name="langId" value="44">
    <input type="hidden" name="catalogId" value="10241">
    <input type="hidden" name="authToken" id="authToken1527000" value="-1002%2C3jIiHU%2F3lFc4jalpGDAhYOztAdQ%3D">
    
    
    <input type="hidden" name="errorViewName" value="PromotionDisplayView">
    <input type="hidden" name="SKU_ID" value="8190121">
    <input type="hidden" name="itemType" value="">
    <input type="hidden" name="parentSKU" value="">
    
    
       <input type="hidden" id="productCatentryId_1527001" value="1527000">
       <input type="hidden" id="catEntryId_1527000" value="1527001">
       <input type="hidden" name="ItemSKU_ID" value="8190121">
     
        
        <div class="quantity hidden" id="updateQtyPanelProduct_1527000" data-qty="">
            <ul>
                <li>
                    <a class="button decreaseQty " id="decreaseQty_1527000" href="#">-</a> 
                </li>
                <li>	
                    <label class="access" for="quantity_1527000">Quantity</label>						
                    <a href="#" class="button quantityPlp  " id="quantityUpdate_1527000">
                        </a>
                    <input name="quantity" id="quantity_1527000" type="hidden" size="3" value="" class="quantity">		        
                </li>
                <li>
                    
                    <a class="button increaseQty " id="increaseQty_1527000" href="#">+</a>
                </li>
            </ul>
        </div>				
            
        
            <input type="hidden" name="catEntryId" value="1527001">
        

        <input type="hidden" name="productId" value="1527000">
        

    <input type="hidden" name="URL" value="https://www.sainsburys.co.uk/webapp/wcs/stores/servlet/PromotionDisplayView?listId=2&amp;catalogId=10241&amp;productId=1117540&amp;langId=44&amp;storeId=10151&amp;promotionId=10669742">
    <input type="hidden" name="page" value="">
    <input type="hidden" name="contractId" value="">
    <input type="hidden" name="calculateOrder" value="1">
    <input type="hidden" name="calculationUsage" value="-1,-2,-3">
    <input type="hidden" name="updateable" value="1">
    <input type="hidden" name="merge" value="***">

                                  
            <input type="hidden" id="updateUrl_1527000" updateurlchild_1527001="AjaxOrderItemUpdate?calculateOrder=1&amp;itemType=&amp;ordItemUpdateFlag=0&amp;orderId=.&amp;updatePrices=1&amp;authToken=-1002%252C3jIiHU%252F3lFc4jalpGDAhYOztAdQ%253D&amp;calculationUsage=-1,-2,-3&amp;storeId=10151&amp;errorViewName=AjaxQuickCartDisplay&amp;URL=AjaxQuickCartDisplay&amp;catEntryId=1527001&amp;orderItemId_0=&amp;UOM_0=&amp;langId=44&amp;quantity_0=1">
            <input type="hidden" id="removeUrl_1527000" removeurlchild_1527001="AjaxOrderItemUpdate?calculateOrder=1&amp;itemType=&amp;productId=&amp;ordItemUpdateFlag=2&amp;orderId=.&amp;updatePrices=1&amp;authToken=-1002%252C3jIiHU%252F3lFc4jalpGDAhYOztAdQ%253D&amp;calculationUsage=-1,-2,-3&amp;storeId=10151&amp;errorViewName=AjaxQuickCartDisplay&amp;URL=AjaxQuickCartDisplay&amp;catEntryId=1527001&amp;productSKU=&amp;orderItemId_0=&amp;qtyDecremented=true&amp;langId=44&amp;quantity_0=0">           
         
       <input type="hidden" name="callAjax" value="false">
       
    
    <div class="add2Cart " id="addQtyPanelProduct_1527000">    
        
            <a class="button process addQty  " id="addQty_1527000" href="#">
                Add
            </a>

            <input type="hidden" name="Add" value="Add">
        
    </div>

</form>
<!-- END AddToTrolley.jsp -->
                                    </div>  
                                
                    </div><!-- END priceTabContainer Add container --><!-- Subscribe container --><!-- Start AddToSubscriptionList.jspf --><!-- Start AddToSubscriptionList.jsp --><!-- End AddToSubscriptionList.jsp --><!-- End AddToSubscriptionList.jspf --> 
                </div>  
            </div>  
        </div>
    </div>     
    </div> 
    <div id="additionalItems_1527001" class="additionalItems">
        <!-- BEGIN MerchandisingAssociationsDisplay.jsp --><!-- Start - JSP File Name:  MerchandisingAssociationsDisplay.jsp --><!-- END MerchandisingAssociationsDisplay.jsp -->  
    </div> 

<!-- END CatalogEntryThumbnailDisplay.jsp -->
                            </li>
                        
                            <li>
                                
                                                <div class="trolleySummary"><p class="saving">
                                                         <!-- %@ include file="../../include/PromotionStrapline.jspf"% -->
                                                </p></div>
                                            
                                                <div class="trolleySummary"><p class="saving">
                                                         <!-- %@ include file="../../include/PromotionStrapline.jspf"% -->
                                                </p></div>
                                            
                                                <div class="trolleySummary"><p class="saving">
                                                         <!-- %@ include file="../../include/PromotionStrapline.jspf"% -->
                                                </p></div>
                                            <!-- BEGIN CatalogEntryThumbnailDisplay.jsp -->
    <div class="product ">
        
        <div class="errorBanner hidden" id="error1456022"></div>
                        
        
        <div class="productInner">
            <div class="productInfoWrapper">
                <div class="productInfo">
                    
                            <h3>
                                <a href="https://www.sainsburys.co.uk/shop/gb/groceries/product/details/cadbury-dairy-milk-duo-chocolate-bars-544g">
                                    Cadbury Dairy Milk Chocolate Duo Bar 54.4g
                                    <img src="https://assets.sainsburys-groceries.co.uk/gol/8124280/image.jpg" alt="">
                                </a>
                            </h3>
                        
<div class="promotion">

                        <p>
                            <a strapline="Meal Deal for Â£5.00 | 8124280" href="https://www.sainsburys.co.uk/shop/PromotionDisplayView?listId=2&amp;catalogId=10241&amp;productId=1456022&amp;langId=44&amp;storeId=10151&amp;promotionId=10664136"><!-- BEGIN include/PromotionStrapline.jspf -->Meal Deal for Â£5.00<br>

<!-- FINISH include/PromotionStrapline.jspf -->
                            </a>
                        </p>
                    
                        <p>
                            <a strapline="Meal Deal for Â£3.75 | 8124280" href="https://www.sainsburys.co.uk/shop/PromotionDisplayView?listId=2&amp;catalogId=10241&amp;productId=1456022&amp;langId=44&amp;storeId=10151&amp;promotionId=10669742">PLUS <!-- BEGIN include/PromotionStrapline.jspf -->Meal Deal for Â£3.75<br>

<!-- FINISH include/PromotionStrapline.jspf -->
                            </a>
                        </p>
                                
</div>

                    <div class="ThumbnailRoundel">
                    <!--ThumbnailRoundel --> 
                    </div>
                    <div class="promoBages">
                        <!-- PROMOTION -->
                    </div>


                    <!-- Review --><!-- BEGIN CatalogEntryRatingsReviewsInfo.jspf --><!-- productAllowedRatingsAndReviews: true -->
<div class="reviews">

    <a class="numberOfReviews" href="https://www.sainsburys.co.uk/shop/gb/groceries/product/details/cadbury-dairy-milk-duo-chocolate-bars-544g">
        <img src="//www.sainsburys.co.uk/wcsstore7.137.2/SainsburysStorefrontAssetStore/img/stars/rating-4_8.gif" alt="4.75" border="0">&nbsp; 
        Reviews (12)
    </a>

</div>
<!-- END CatalogEntryRatingsReviewsInfo.jspf -->
                </div>
                <!--ThumbnailRestriction -->
            </div>
            
            <div class="addToTrolleytabBox">
            <!-- addToTrolleytabBox LIST VIEW--><!-- Start UserSubscribedOrNot.jspf --><!-- Start UserSubscribedOrNot.jsp --><!-- 
    If the user is not logged in, render this opening 
    DIV adding an addtional class to fix the border top which is removed 
    and replaced by the tabs
-->
<div class="addToTrolleytabContainer addItemBorderTop">
<!-- End AddToSubscriptionList.jsp --><!-- End AddSubscriptionList.jspf --><!-- 
                    ATTENTION!!!
                    <div class="addToTrolleytabContainer">
                    This opening div is inside "../../ReusableObjects/UserSubscribedOrNot.jsp"
                    -->
                <div class="pricingAndTrolleyOptions">  
                    <div class="priceTab activeContainer priceTabContainer" id="addItem_1456023"> 
                        <div class="pricing">
                            
<p class="pricePerUnit">
Â£1.30 
</p>

<p class="pricePerMeasure">Â£2.41<abbr title="per">/</abbr>100<abbr title="gram"><span class="pricePerMeasureMeasure">g</span></abbr>
</p>

                                
                        </div>  
                          
                                    <div class="addToTrolleyForm ">   
                                        <!-- BEGIN AddToTrolley.jsp --><!-- fire an on add to bag here from  -->

<form class="addToTrolleyForm" name="OrderItemAddForm_1456022" action="OrderItemAdd" method="post" id="OrderItemAddForm_1456022">
    <input type="hidden" name="storeId" value="10151">
    <input type="hidden" name="langId" value="44">
    <input type="hidden" name="catalogId" value="10241">
    <input type="hidden" name="authToken" id="authToken1456022" value="-1002%2C3jIiHU%2F3lFc4jalpGDAhYOztAdQ%3D">
    
    
    <input type="hidden" name="errorViewName" value="PromotionDisplayView">
    <input type="hidden" name="SKU_ID" value="8124280">
    <input type="hidden" name="itemType" value="">
    <input type="hidden" name="parentSKU" value="">
    
    
       <input type="hidden" id="productCatentryId_1456023" value="1456022">
       <input type="hidden" id="catEntryId_1456022" value="1456023">
       <input type="hidden" name="ItemSKU_ID" value="8124280">
     
        
        <div class="quantity hidden" id="updateQtyPanelProduct_1456022" data-qty="">
            <ul>
                <li>
                    <a class="button decreaseQty " id="decreaseQty_1456022" href="#">-</a> 
                </li>
                <li>	
                    <label class="access" for="quantity_1456022">Quantity</label>						
                    <a href="#" class="button quantityPlp  " id="quantityUpdate_1456022">
                        </a>
                    <input name="quantity" id="quantity_1456022" type="hidden" size="3" value="" class="quantity">		        
                </li>
                <li>
                    
                    <a class="button increaseQty " id="increaseQty_1456022" href="#">+</a>
                </li>
            </ul>
        </div>				
            
        
            <input type="hidden" name="catEntryId" value="1456023">
        

        <input type="hidden" name="productId" value="1456022">
        

    <input type="hidden" name="URL" value="https://www.sainsburys.co.uk/webapp/wcs/stores/servlet/PromotionDisplayView?listId=2&amp;catalogId=10241&amp;productId=1117540&amp;langId=44&amp;storeId=10151&amp;promotionId=10669742">
    <input type="hidden" name="page" value="">
    <input type="hidden" name="contractId" value="">
    <input type="hidden" name="calculateOrder" value="1">
    <input type="hidden" name="calculationUsage" value="-1,-2,-3">
    <input type="hidden" name="updateable" value="1">
    <input type="hidden" name="merge" value="***">

                                  
            <input type="hidden" id="updateUrl_1456022" updateurlchild_1456023="AjaxOrderItemUpdate?calculateOrder=1&amp;itemType=&amp;ordItemUpdateFlag=0&amp;orderId=.&amp;updatePrices=1&amp;authToken=-1002%252C3jIiHU%252F3lFc4jalpGDAhYOztAdQ%253D&amp;calculationUsage=-1,-2,-3&amp;storeId=10151&amp;errorViewName=AjaxQuickCartDisplay&amp;URL=AjaxQuickCartDisplay&amp;catEntryId=1456023&amp;orderItemId_0=&amp;UOM_0=&amp;langId=44&amp;quantity_0=1">
            <input type="hidden" id="removeUrl_1456022" removeurlchild_1456023="AjaxOrderItemUpdate?calculateOrder=1&amp;itemType=&amp;productId=&amp;ordItemUpdateFlag=2&amp;orderId=.&amp;updatePrices=1&amp;authToken=-1002%252C3jIiHU%252F3lFc4jalpGDAhYOztAdQ%253D&amp;calculationUsage=-1,-2,-3&amp;storeId=10151&amp;errorViewName=AjaxQuickCartDisplay&amp;URL=AjaxQuickCartDisplay&amp;catEntryId=1456023&amp;productSKU=&amp;orderItemId_0=&amp;qtyDecremented=true&amp;langId=44&amp;quantity_0=0">           
         
       <input type="hidden" name="callAjax" value="false">
       
    
    <div class="add2Cart " id="addQtyPanelProduct_1456022">    
        
            <a class="button process addQty  " id="addQty_1456022" href="#">
                Add
            </a>

            <input type="hidden" name="Add" value="Add">
        
    </div>

</form>
<!-- END AddToTrolley.jsp -->
                                    </div>  
                                
                    </div><!-- END priceTabContainer Add container --><!-- Subscribe container --><!-- Start AddToSubscriptionList.jspf --><!-- Start AddToSubscriptionList.jsp --><!-- End AddToSubscriptionList.jsp --><!-- End AddToSubscriptionList.jspf --> 
                </div>  
            </div>  
        </div>
    </div>     
    </div> 
    <div id="additionalItems_1456023" class="additionalItems">
        <!-- BEGIN MerchandisingAssociationsDisplay.jsp --><!-- Start - JSP File Name:  MerchandisingAssociationsDisplay.jsp --><!-- END MerchandisingAssociationsDisplay.jsp -->  
    </div> 

<!-- END CatalogEntryThumbnailDisplay.jsp -->
                            </li>
                        
                            <li>
                                
                                                <div class="trolleySummary"><p class="saving">
                                                         <!-- %@ include file="../../include/PromotionStrapline.jspf"% -->
                                                </p></div>
                                            
                                                <div class="trolleySummary"><p class="saving">
                                                         <!-- %@ include file="../../include/PromotionStrapline.jspf"% -->
                                                </p></div>
                                            
                                                <div class="trolleySummary"><p class="saving">
                                                         <!-- %@ include file="../../include/PromotionStrapline.jspf"% -->
                                                </p></div>
                                            <!-- BEGIN CatalogEntryThumbnailDisplay.jsp -->
    <div class="product ">
        
        <div class="errorBanner hidden" id="error1368638"></div>
                        
        
        <div class="productInner">
            <div class="productInfoWrapper">
                <div class="productInfo">
                    
                            <h3>
                                <a href="https://www.sainsburys.co.uk/shop/gb/groceries/product/details/walkers-baked-salt-vinegar-snack-375g">
                                    Walkers Baked Salt &amp; Vinegar Crisps Snacks 37.5g
                                    <img src="https://assets.sainsburys-groceries.co.uk/gol/8036909/image.jpg" alt="">
                                </a>
                            </h3>
                        
<div class="promotion">

                        <p>
                            <a strapline="Meal Deal for Â£5.00 | 8036909" href="https://www.sainsburys.co.uk/shop/PromotionDisplayView?listId=2&amp;catalogId=10241&amp;productId=1368638&amp;langId=44&amp;storeId=10151&amp;promotionId=10664136"><!-- BEGIN include/PromotionStrapline.jspf -->Meal Deal for Â£5.00<br>

<!-- FINISH include/PromotionStrapline.jspf -->
                            </a>
                        </p>
                    
                        <p>
                            <a strapline="Meal Deal for Â£3.75 | 8036909" href="https://www.sainsburys.co.uk/shop/PromotionDisplayView?listId=2&amp;catalogId=10241&amp;productId=1368638&amp;langId=44&amp;storeId=10151&amp;promotionId=10669742">PLUS <!-- BEGIN include/PromotionStrapline.jspf -->Meal Deal for Â£3.75<br>

<!-- FINISH include/PromotionStrapline.jspf -->
                            </a>
                        </p>
                                
</div>

                    <div class="ThumbnailRoundel">
                    <!--ThumbnailRoundel --> 
                    </div>
                    <div class="promoBages">
                        <!-- PROMOTION -->
                    </div>


                    <!-- Review --><!-- BEGIN CatalogEntryRatingsReviewsInfo.jspf --><!-- productAllowedRatingsAndReviews: true -->
<div class="reviews">

    <a class="numberOfReviews" href="https://www.sainsburys.co.uk/shop/gb/groceries/product/details/walkers-baked-salt-vinegar-snack-375g">
        <img src="//www.sainsburys.co.uk/wcsstore7.137.2/SainsburysStorefrontAssetStore/img/stars/rating-4_0.gif" alt="4.0" border="0">&nbsp; 
        Reviews (13)
    </a>

</div>
<!-- END CatalogEntryRatingsReviewsInfo.jspf -->
                </div>
                <!--ThumbnailRestriction -->
            </div>
            
            <div class="addToTrolleytabBox">
            <!-- addToTrolleytabBox LIST VIEW--><!-- Start UserSubscribedOrNot.jspf --><!-- Start UserSubscribedOrNot.jsp --><!-- 
    If the user is not logged in, render this opening 
    DIV adding an addtional class to fix the border top which is removed 
    and replaced by the tabs
-->
<div class="addToTrolleytabContainer addItemBorderTop">
<!-- End AddToSubscriptionList.jsp --><!-- End AddSubscriptionList.jspf --><!-- 
                    ATTENTION!!!
                    <div class="addToTrolleytabContainer">
                    This opening div is inside "../../ReusableObjects/UserSubscribedOrNot.jsp"
                    -->
                <div class="pricingAndTrolleyOptions">  
                    <div class="priceTab activeContainer priceTabContainer" id="addItem_1368639"> 
                        <div class="pricing">
                            
<p class="pricePerUnit">
Â£1.10 
</p>

<p class="pricePerMeasure">Â£2.93<abbr title="per">/</abbr>100<abbr title="gram"><span class="pricePerMeasureMeasure">g</span></abbr>
</p>

                                
                        </div>  
                          
                                    <div class="addToTrolleyForm ">   
                                        <!-- BEGIN AddToTrolley.jsp --><!-- fire an on add to bag here from  -->

<form class="addToTrolleyForm" name="OrderItemAddForm_1368638" action="OrderItemAdd" method="post" id="OrderItemAddForm_1368638">
    <input type="hidden" name="storeId" value="10151">
    <input type="hidden" name="langId" value="44">
    <input type="hidden" name="catalogId" value="10241">
    <input type="hidden" name="authToken" id="authToken1368638" value="-1002%2C3jIiHU%2F3lFc4jalpGDAhYOztAdQ%3D">
    
    
    <input type="hidden" name="errorViewName" value="PromotionDisplayView">
    <input type="hidden" name="SKU_ID" value="8036909">
    <input type="hidden" name="itemType" value="">
    <input type="hidden" name="parentSKU" value="">
    
    
       <input type="hidden" id="productCatentryId_1368639" value="1368638">
       <input type="hidden" id="catEntryId_1368638" value="1368639">
       <input type="hidden" name="ItemSKU_ID" value="8036909">
     
        
        <div class="quantity hidden" id="updateQtyPanelProduct_1368638" data-qty="">
            <ul>
                <li>
                    <a class="button decreaseQty " id="decreaseQty_1368638" href="#">-</a> 
                </li>
                <li>	
                    <label class="access" for="quantity_1368638">Quantity</label>						
                    <a href="#" class="button quantityPlp  " id="quantityUpdate_1368638">
                        </a>
                    <input name="quantity" id="quantity_1368638" type="hidden" size="3" value="" class="quantity">		        
                </li>
                <li>
                    
                    <a class="button increaseQty " id="increaseQty_1368638" href="#">+</a>
                </li>
            </ul>
        </div>				
            
        
            <input type="hidden" name="catEntryId" value="1368639">
        

        <input type="hidden" name="productId" value="1368638">
        

    <input type="hidden" name="URL" value="https://www.sainsburys.co.uk/webapp/wcs/stores/servlet/PromotionDisplayView?listId=2&amp;catalogId=10241&amp;productId=1117540&amp;langId=44&amp;storeId=10151&amp;promotionId=10669742">
    <input type="hidden" name="page" value="">
    <input type="hidden" name="contractId" value="">
    <input type="hidden" name="calculateOrder" value="1">
    <input type="hidden" name="calculationUsage" value="-1,-2,-3">
    <input type="hidden" name="updateable" value="1">
    <input type="hidden" name="merge" value="***">

                                  
            <input type="hidden" id="updateUrl_1368638" updateurlchild_1368639="AjaxOrderItemUpdate?calculateOrder=1&amp;itemType=&amp;ordItemUpdateFlag=0&amp;orderId=.&amp;updatePrices=1&amp;authToken=-1002%252C3jIiHU%252F3lFc4jalpGDAhYOztAdQ%253D&amp;calculationUsage=-1,-2,-3&amp;storeId=10151&amp;errorViewName=AjaxQuickCartDisplay&amp;URL=AjaxQuickCartDisplay&amp;catEntryId=1368639&amp;orderItemId_0=&amp;UOM_0=&amp;langId=44&amp;quantity_0=1">
            <input type="hidden" id="removeUrl_1368638" removeurlchild_1368639="AjaxOrderItemUpdate?calculateOrder=1&amp;itemType=&amp;productId=&amp;ordItemUpdateFlag=2&amp;orderId=.&amp;updatePrices=1&amp;authToken=-1002%252C3jIiHU%252F3lFc4jalpGDAhYOztAdQ%253D&amp;calculationUsage=-1,-2,-3&amp;storeId=10151&amp;errorViewName=AjaxQuickCartDisplay&amp;URL=AjaxQuickCartDisplay&amp;catEntryId=1368639&amp;productSKU=&amp;orderItemId_0=&amp;qtyDecremented=true&amp;langId=44&amp;quantity_0=0">           
         
       <input type="hidden" name="callAjax" value="false">
       
    
    <div class="add2Cart " id="addQtyPanelProduct_1368638">    
        
            <a class="button process addQty  " id="addQty_1368638" href="#">
                Add
            </a>

            <input type="hidden" name="Add" value="Add">
        
    </div>

</form>
<!-- END AddToTrolley.jsp -->
                                    </div>  
                                
                    </div><!-- END priceTabContainer Add container --><!-- Subscribe container --><!-- Start AddToSubscriptionList.jspf --><!-- Start AddToSubscriptionList.jsp --><!-- End AddToSubscriptionList.jsp --><!-- End AddToSubscriptionList.jspf --> 
                </div>  
            </div>  
        </div>
    </div>     
    </div> 
    <div id="additionalItems_1368639" class="additionalItems">
        <!-- BEGIN MerchandisingAssociationsDisplay.jsp --><!-- Start - JSP File Name:  MerchandisingAssociationsDisplay.jsp --><!-- END MerchandisingAssociationsDisplay.jsp -->  
    </div> 

<!-- END CatalogEntryThumbnailDisplay.jsp -->
                            </li>
                        
                            <li>
                                
                                                <div class="trolleySummary"><p class="saving">
                                                         <!-- %@ include file="../../include/PromotionStrapline.jspf"% -->
                                                </p></div>
                                            
                                                <div class="trolleySummary"><p class="saving">
                                                         <!-- %@ include file="../../include/PromotionStrapline.jspf"% -->
                                                </p></div>
                                            
                                                <div class="trolleySummary"><p class="saving">
                                                         <!-- %@ include file="../../include/PromotionStrapline.jspf"% -->
                                                </p></div>
                                            <!-- BEGIN CatalogEntryThumbnailDisplay.jsp -->
    <div class="product ">
        
        <div class="errorBanner hidden" id="error1235628"></div>
                        
        
        <div class="productInner">
            <div class="productInfoWrapper">
                <div class="productInfo">
                    
                            <h3>
                                <a href="https://www.sainsburys.co.uk/shop/gb/groceries/product/details/kind-protein-crunchy-peanut-butter-50g">
                                    KIND Protein Crunchy Peanut Butter Snack Bar 50g
                                    <img src="https://assets.sainsburys-groceries.co.uk/gol/7926588/image.jpg" alt="">
                                </a>
                            </h3>
                        
<div class="promotion">

                        <p>
                            <a strapline="Meal Deal for Â£5.00 | 7926588" href="https://www.sainsburys.co.uk/shop/PromotionDisplayView?listId=2&amp;catalogId=10241&amp;productId=1235628&amp;langId=44&amp;storeId=10151&amp;promotionId=10664136"><!-- BEGIN include/PromotionStrapline.jspf -->Meal Deal for Â£5.00<br>

<!-- FINISH include/PromotionStrapline.jspf -->
                            </a>
                        </p>
                    
                        <p>
                            <a strapline="Meal Deal for Â£3.75 | 7926588" href="https://www.sainsburys.co.uk/shop/PromotionDisplayView?listId=2&amp;catalogId=10241&amp;productId=1235628&amp;langId=44&amp;storeId=10151&amp;promotionId=10669742">PLUS <!-- BEGIN include/PromotionStrapline.jspf -->Meal Deal for Â£3.75<br>

<!-- FINISH include/PromotionStrapline.jspf -->
                            </a>
                        </p>
                                
</div>

                    <div class="ThumbnailRoundel">
                    <!--ThumbnailRoundel --> 
                    </div>
                    <div class="promoBages">
                        <!-- PROMOTION -->
                    </div>


                    <!-- Review --><!-- BEGIN CatalogEntryRatingsReviewsInfo.jspf --><!-- productAllowedRatingsAndReviews: true -->
<div class="reviews">

    <a class="numberOfReviews" href="https://www.sainsburys.co.uk/shop/gb/groceries/product/details/kind-protein-crunchy-peanut-butter-50g">
        <img src="//www.sainsburys.co.uk/wcsstore7.137.2/SainsburysStorefrontAssetStore/img/stars/rating-5_0.gif" alt="5.0" border="0">&nbsp; 
        Reviews (2)
    </a>

</div>
<!-- END CatalogEntryRatingsReviewsInfo.jspf -->
                </div>
                <!--ThumbnailRestriction -->
            </div>
            
            <div class="addToTrolleytabBox">
            <!-- addToTrolleytabBox LIST VIEW--><!-- Start UserSubscribedOrNot.jspf --><!-- Start UserSubscribedOrNot.jsp --><!-- 
    If the user is not logged in, render this opening 
    DIV adding an addtional class to fix the border top which is removed 
    and replaced by the tabs
-->
<div class="addToTrolleytabContainer addItemBorderTop">
<!-- End AddToSubscriptionList.jsp --><!-- End AddSubscriptionList.jspf --><!-- 
                    ATTENTION!!!
                    <div class="addToTrolleytabContainer">
                    This opening div is inside "../../ReusableObjects/UserSubscribedOrNot.jsp"
                    -->
                <div class="pricingAndTrolleyOptions">  
                    <div class="priceTab activeContainer priceTabContainer" id="addItem_1235629"> 
                        <div class="pricing">
                            
<p class="pricePerUnit">
Â£2.20 
</p>

<p class="pricePerMeasure">Â£4.40<abbr title="per">/</abbr>100<abbr title="gram"><span class="pricePerMeasureMeasure">g</span></abbr>
</p>

                                
                        </div>  
                          
                                    <div class="addToTrolleyForm ">   
                                        <!-- BEGIN AddToTrolley.jsp --><!-- fire an on add to bag here from  -->

<form class="addToTrolleyForm" name="OrderItemAddForm_1235628" action="OrderItemAdd" method="post" id="OrderItemAddForm_1235628">
    <input type="hidden" name="storeId" value="10151">
    <input type="hidden" name="langId" value="44">
    <input type="hidden" name="catalogId" value="10241">
    <input type="hidden" name="authToken" id="authToken1235628" value="-1002%2C3jIiHU%2F3lFc4jalpGDAhYOztAdQ%3D">
    
    
    <input type="hidden" name="errorViewName" value="PromotionDisplayView">
    <input type="hidden" name="SKU_ID" value="7926588">
    <input type="hidden" name="itemType" value="">
    <input type="hidden" name="parentSKU" value="">
    
    
       <input type="hidden" id="productCatentryId_1235629" value="1235628">
       <input type="hidden" id="catEntryId_1235628" value="1235629">
       <input type="hidden" name="ItemSKU_ID" value="7926588">
     
        
        <div class="quantity hidden" id="updateQtyPanelProduct_1235628" data-qty="">
            <ul>
                <li>
                    <a class="button decreaseQty " id="decreaseQty_1235628" href="#">-</a> 
                </li>
                <li>	
                    <label class="access" for="quantity_1235628">Quantity</label>						
                    <a href="#" class="button quantityPlp  " id="quantityUpdate_1235628">
                        </a>
                    <input name="quantity" id="quantity_1235628" type="hidden" size="3" value="" class="quantity">		        
                </li>
                <li>
                    
                    <a class="button increaseQty " id="increaseQty_1235628" href="#">+</a>
                </li>
            </ul>
        </div>				
            
        
            <input type="hidden" name="catEntryId" value="1235629">
        

        <input type="hidden" name="productId" value="1235628">
        

    <input type="hidden" name="URL" value="https://www.sainsburys.co.uk/webapp/wcs/stores/servlet/PromotionDisplayView?listId=2&amp;catalogId=10241&amp;productId=1117540&amp;langId=44&amp;storeId=10151&amp;promotionId=10669742">
    <input type="hidden" name="page" value="">
    <input type="hidden" name="contractId" value="">
    <input type="hidden" name="calculateOrder" value="1">
    <input type="hidden" name="calculationUsage" value="-1,-2,-3">
    <input type="hidden" name="updateable" value="1">
    <input type="hidden" name="merge" value="***">

                                  
            <input type="hidden" id="updateUrl_1235628" updateurlchild_1235629="AjaxOrderItemUpdate?calculateOrder=1&amp;itemType=&amp;ordItemUpdateFlag=0&amp;orderId=.&amp;updatePrices=1&amp;authToken=-1002%252C3jIiHU%252F3lFc4jalpGDAhYOztAdQ%253D&amp;calculationUsage=-1,-2,-3&amp;storeId=10151&amp;errorViewName=AjaxQuickCartDisplay&amp;URL=AjaxQuickCartDisplay&amp;catEntryId=1235629&amp;orderItemId_0=&amp;UOM_0=&amp;langId=44&amp;quantity_0=1">
            <input type="hidden" id="removeUrl_1235628" removeurlchild_1235629="AjaxOrderItemUpdate?calculateOrder=1&amp;itemType=&amp;productId=&amp;ordItemUpdateFlag=2&amp;orderId=.&amp;updatePrices=1&amp;authToken=-1002%252C3jIiHU%252F3lFc4jalpGDAhYOztAdQ%253D&amp;calculationUsage=-1,-2,-3&amp;storeId=10151&amp;errorViewName=AjaxQuickCartDisplay&amp;URL=AjaxQuickCartDisplay&amp;catEntryId=1235629&amp;productSKU=&amp;orderItemId_0=&amp;qtyDecremented=true&amp;langId=44&amp;quantity_0=0">           
         
       <input type="hidden" name="callAjax" value="false">
       
    
    <div class="add2Cart " id="addQtyPanelProduct_1235628">    
        
            <a class="button process addQty  " id="addQty_1235628" href="#">
                Add
            </a>

            <input type="hidden" name="Add" value="Add">
        
    </div>

</form>
<!-- END AddToTrolley.jsp -->
                                    </div>  
                                
                    </div><!-- END priceTabContainer Add container --><!-- Subscribe container --><!-- Start AddToSubscriptionList.jspf --><!-- Start AddToSubscriptionList.jsp --><!-- End AddToSubscriptionList.jsp --><!-- End AddToSubscriptionList.jspf --> 
                </div>  
            </div>  
        </div>
    </div>     
    </div> 
    <div id="additionalItems_1235629" class="additionalItems">
        <!-- BEGIN MerchandisingAssociationsDisplay.jsp --><!-- Start - JSP File Name:  MerchandisingAssociationsDisplay.jsp --><!-- END MerchandisingAssociationsDisplay.jsp -->  
    </div> 

<!-- END CatalogEntryThumbnailDisplay.jsp -->
                            </li>
                        
                            <li>
                                
                                                <div class="trolleySummary"><p class="saving">
                                                         <!-- %@ include file="../../include/PromotionStrapline.jspf"% -->
                                                </p></div>
                                            
                                                <div class="trolleySummary"><p class="saving">
                                                         <!-- %@ include file="../../include/PromotionStrapline.jspf"% -->
                                                </p></div>
                                            
                                                <div class="trolleySummary"><p class="saving">
                                                         <!-- %@ include file="../../include/PromotionStrapline.jspf"% -->
                                                </p></div>
                                            <!-- BEGIN CatalogEntryThumbnailDisplay.jsp -->
    <div class="product ">
        
        <div class="errorBanner hidden" id="error1326756"></div>
                        
        
        <div class="productInner">
            <div class="productInfoWrapper">
                <div class="productInfo">
                    
                            <h3>
                                <a href="https://www.sainsburys.co.uk/shop/gb/groceries/product/details/sainsburys-fruit-seed-granola-50g">
                                    Sainsbury's Fruit &amp; Seed Granola 50g
                                    <img src="https://assets.sainsburys-groceries.co.uk/gol/7999369/image.jpg" alt="">
                                </a>
                            </h3>
                        
<div class="promotion">

                        <p>
                            <a strapline="Meal Deal for Â£5.00 | 7999369" href="https://www.sainsburys.co.uk/shop/PromotionDisplayView?listId=2&amp;catalogId=10241&amp;productId=1326756&amp;langId=44&amp;storeId=10151&amp;promotionId=10664136"><!-- BEGIN include/PromotionStrapline.jspf -->Meal Deal for Â£5.00<br>

<!-- FINISH include/PromotionStrapline.jspf -->
                            </a>
                        </p>
                    
                        <p>
                            <a strapline="Meal Deal for Â£3.75 | 7999369" href="https://www.sainsburys.co.uk/shop/PromotionDisplayView?listId=2&amp;catalogId=10241&amp;productId=1326756&amp;langId=44&amp;storeId=10151&amp;promotionId=10669742">PLUS <!-- BEGIN include/PromotionStrapline.jspf -->Meal Deal for Â£3.75<br>

<!-- FINISH include/PromotionStrapline.jspf -->
                            </a>
                        </p>
                                
</div>

                    <div class="ThumbnailRoundel">
                    <!--ThumbnailRoundel --> 
                    </div>
                    <div class="promoBages">
                        <!-- PROMOTION -->
                    </div>


                    <!-- Review --><!-- BEGIN CatalogEntryRatingsReviewsInfo.jspf --><!-- productAllowedRatingsAndReviews: true -->
<div class="reviews">

    <a class="numberOfReviews" href="https://www.sainsburys.co.uk/shop/gb/groceries/product/details/sainsburys-fruit-seed-granola-50g">
        <img src="//www.sainsburys.co.uk/wcsstore7.137.2/SainsburysStorefrontAssetStore/img/stars/rating-4_0.gif" alt="4.0" border="0">&nbsp; 
        Reviews (1)
    </a>

</div>
<!-- END CatalogEntryRatingsReviewsInfo.jspf -->
                </div>
                <!--ThumbnailRestriction -->
            </div>
            
            <div class="addToTrolleytabBox">
            <!-- addToTrolleytabBox LIST VIEW--><!-- Start UserSubscribedOrNot.jspf --><!-- Start UserSubscribedOrNot.jsp --><!-- 
    If the user is not logged in, render this opening 
    DIV adding an addtional class to fix the border top which is removed 
    and replaced by the tabs
-->
<div class="addToTrolleytabContainer addItemBorderTop">
<!-- End AddToSubscriptionList.jsp --><!-- End AddSubscriptionList.jspf --><!-- 
                    ATTENTION!!!
                    <div class="addToTrolleytabContainer">
                    This opening div is inside "../../ReusableObjects/UserSubscribedOrNot.jsp"
                    -->
                <div class="pricingAndTrolleyOptions">  
                    <div class="priceTab activeContainer priceTabContainer" id="addItem_1326757"> 
                        <div class="pricing">
                            
<p class="pricePerUnit">
Â£1.00 
</p>

<p class="pricePerMeasure">Â£20.00<abbr title="per">/</abbr><abbr title="kilogram"><span class="pricePerMeasureMeasure">kg</span></abbr>
</p>

                                
                        </div>  
                          
                                    <div class="addToTrolleyForm ">   
                                        <!-- BEGIN AddToTrolley.jsp --><!-- fire an on add to bag here from  -->

<form class="addToTrolleyForm" name="OrderItemAddForm_1326756" action="OrderItemAdd" method="post" id="OrderItemAddForm_1326756">
    <input type="hidden" name="storeId" value="10151">
    <input type="hidden" name="langId" value="44">
    <input type="hidden" name="catalogId" value="10241">
    <input type="hidden" name="authToken" id="authToken1326756" value="-1002%2C3jIiHU%2F3lFc4jalpGDAhYOztAdQ%3D">
    
    
    <input type="hidden" name="errorViewName" value="PromotionDisplayView">
    <input type="hidden" name="SKU_ID" value="7999369">
    <input type="hidden" name="itemType" value="">
    <input type="hidden" name="parentSKU" value="">
    
    
       <input type="hidden" id="productCatentryId_1326757" value="1326756">
       <input type="hidden" id="catEntryId_1326756" value="1326757">
       <input type="hidden" name="ItemSKU_ID" value="7999369">
     
        
        <div class="quantity hidden" id="updateQtyPanelProduct_1326756" data-qty="">
            <ul>
                <li>
                    <a class="button decreaseQty " id="decreaseQty_1326756" href="#">-</a> 
                </li>
                <li>	
                    <label class="access" for="quantity_1326756">Quantity</label>						
                    <a href="#" class="button quantityPlp  " id="quantityUpdate_1326756">
                        </a>
                    <input name="quantity" id="quantity_1326756" type="hidden" size="3" value="" class="quantity">		        
                </li>
                <li>
                    
                    <a class="button increaseQty " id="increaseQty_1326756" href="#">+</a>
                </li>
            </ul>
        </div>				
            
        
            <input type="hidden" name="catEntryId" value="1326757">
        

        <input type="hidden" name="productId" value="1326756">
        

    <input type="hidden" name="URL" value="https://www.sainsburys.co.uk/webapp/wcs/stores/servlet/PromotionDisplayView?listId=2&amp;catalogId=10241&amp;productId=1117540&amp;langId=44&amp;storeId=10151&amp;promotionId=10669742">
    <input type="hidden" name="page" value="">
    <input type="hidden" name="contractId" value="">
    <input type="hidden" name="calculateOrder" value="1">
    <input type="hidden" name="calculationUsage" value="-1,-2,-3">
    <input type="hidden" name="updateable" value="1">
    <input type="hidden" name="merge" value="***">

                                  
            <input type="hidden" id="updateUrl_1326756" updateurlchild_1326757="AjaxOrderItemUpdate?calculateOrder=1&amp;itemType=&amp;ordItemUpdateFlag=0&amp;orderId=.&amp;updatePrices=1&amp;authToken=-1002%252C3jIiHU%252F3lFc4jalpGDAhYOztAdQ%253D&amp;calculationUsage=-1,-2,-3&amp;storeId=10151&amp;errorViewName=AjaxQuickCartDisplay&amp;URL=AjaxQuickCartDisplay&amp;catEntryId=1326757&amp;orderItemId_0=&amp;UOM_0=&amp;langId=44&amp;quantity_0=1">
            <input type="hidden" id="removeUrl_1326756" removeurlchild_1326757="AjaxOrderItemUpdate?calculateOrder=1&amp;itemType=&amp;productId=&amp;ordItemUpdateFlag=2&amp;orderId=.&amp;updatePrices=1&amp;authToken=-1002%252C3jIiHU%252F3lFc4jalpGDAhYOztAdQ%253D&amp;calculationUsage=-1,-2,-3&amp;storeId=10151&amp;errorViewName=AjaxQuickCartDisplay&amp;URL=AjaxQuickCartDisplay&amp;catEntryId=1326757&amp;productSKU=&amp;orderItemId_0=&amp;qtyDecremented=true&amp;langId=44&amp;quantity_0=0">           
         
       <input type="hidden" name="callAjax" value="false">
       
    
    <div class="add2Cart " id="addQtyPanelProduct_1326756">    
        
            <a class="button process addQty  " id="addQty_1326756" href="#">
                Add
            </a>

            <input type="hidden" name="Add" value="Add">
        
    </div>

</form>
<!-- END AddToTrolley.jsp -->
                                    </div>  
                                
                    </div><!-- END priceTabContainer Add container --><!-- Subscribe container --><!-- Start AddToSubscriptionList.jspf --><!-- Start AddToSubscriptionList.jsp --><!-- End AddToSubscriptionList.jsp --><!-- End AddToSubscriptionList.jspf --> 
                </div>  
            </div>  
        </div>
    </div>     
    </div> 
    <div id="additionalItems_1326757" class="additionalItems">
        <!-- BEGIN MerchandisingAssociationsDisplay.jsp --><!-- Start - JSP File Name:  MerchandisingAssociationsDisplay.jsp --><!-- END MerchandisingAssociationsDisplay.jsp -->  
    </div> 

<!-- END CatalogEntryThumbnailDisplay.jsp -->
                            </li>
                        
                            <li>
                                
                                                <div class="trolleySummary"><p class="saving">
                                                         <!-- %@ include file="../../include/PromotionStrapline.jspf"% -->
                                                </p></div>
                                            
                                                <div class="trolleySummary"><p class="saving">
                                                         <!-- %@ include file="../../include/PromotionStrapline.jspf"% -->
                                                </p></div>
                                            
                                                <div class="trolleySummary"><p class="saving">
                                                         <!-- %@ include file="../../include/PromotionStrapline.jspf"% -->
                                                </p></div>
                                            <!-- BEGIN CatalogEntryThumbnailDisplay.jsp -->
    <div class="product ">
        
        <div class="errorBanner hidden" id="error1465264"></div>
                        
        
        <div class="productInner">
            <div class="productInfoWrapper">
                <div class="productInfo">
                    
                            <h3>
                                <a href="https://www.sainsburys.co.uk/shop/gb/groceries/product/details/popworks-sweet-salty-popped-crisps-28g">
                                    Popworks Sweet &amp; Salty Popped Crisps 28g
                                    <img src="https://assets.sainsburys-groceries.co.uk/gol/8133323/image.jpg" alt="">
                                </a>
                            </h3>
                        
<div class="promotion">

                        <p>
                            <a strapline="Meal Deal for Â£5.00 | 8133323" href="https://www.sainsburys.co.uk/shop/PromotionDisplayView?listId=2&amp;catalogId=10241&amp;productId=1465264&amp;langId=44&amp;storeId=10151&amp;promotionId=10664136"><!-- BEGIN include/PromotionStrapline.jspf -->Meal Deal for Â£5.00<br>

<!-- FINISH include/PromotionStrapline.jspf -->
                            </a>
                        </p>
                    
                        <p>
                            <a strapline="Meal Deal for Â£3.75 | 8133323" href="https://www.sainsburys.co.uk/shop/PromotionDisplayView?listId=2&amp;catalogId=10241&amp;productId=1465264&amp;langId=44&amp;storeId=10151&amp;promotionId=10669742">PLUS <!-- BEGIN include/PromotionStrapline.jspf -->Meal Deal for Â£3.75<br>

<!-- FINISH include/PromotionStrapline.jspf -->
                            </a>
                        </p>
                                
</div>

                    <div class="ThumbnailRoundel">
                    <!--ThumbnailRoundel --> 
                    </div>
                    <div class="promoBages">
                        <!-- PROMOTION -->
                    </div>


                    <!-- Review --><!-- BEGIN CatalogEntryRatingsReviewsInfo.jspf --><!-- productAllowedRatingsAndReviews: true -->
<div class="reviews">

    <a class="numberOfReviews" href="https://www.sainsburys.co.uk/shop/gb/groceries/product/details/popworks-sweet-salty-popped-crisps-28g">
        <img src="//www.sainsburys.co.uk/wcsstore7.137.2/SainsburysStorefrontAssetStore/img/stars/rating-4_4.gif" alt="4.4099" border="0">&nbsp; 
        Reviews (383)
    </a>

</div>
<!-- END CatalogEntryRatingsReviewsInfo.jspf -->
                </div>
                <!--ThumbnailRestriction -->
            </div>
            
            <div class="addToTrolleytabBox">
            <!-- addToTrolleytabBox LIST VIEW--><!-- Start UserSubscribedOrNot.jspf --><!-- Start UserSubscribedOrNot.jsp --><!-- 
    If the user is not logged in, render this opening 
    DIV adding an addtional class to fix the border top which is removed 
    and replaced by the tabs
-->
<div class="addToTrolleytabContainer addItemBorderTop">
<!-- End AddToSubscriptionList.jsp --><!-- End AddSubscriptionList.jspf --><!-- 
                    ATTENTION!!!
                    <div class="addToTrolleytabContainer">
                    This opening div is inside "../../ReusableObjects/UserSubscribedOrNot.jsp"
                    -->
                <div class="pricingAndTrolleyOptions">  
                    <div class="priceTab activeContainer priceTabContainer" id="addItem_1465265"> 
                        <div class="pricing">
                            
<p class="pricePerUnit">
Â£1.10 
</p>

<p class="pricePerMeasure">Â£3.93<abbr title="per">/</abbr>100<abbr title="gram"><span class="pricePerMeasureMeasure">g</span></abbr>
</p>

                                
                        </div>  
                          
                                    <div class="addToTrolleyForm ">   
                                        <!-- BEGIN AddToTrolley.jsp --><!-- fire an on add to bag here from  -->

<form class="addToTrolleyForm" name="OrderItemAddForm_1465264" action="OrderItemAdd" method="post" id="OrderItemAddForm_1465264">
    <input type="hidden" name="storeId" value="10151">
    <input type="hidden" name="langId" value="44">
    <input type="hidden" name="catalogId" value="10241">
    <input type="hidden" name="authToken" id="authToken1465264" value="-1002%2C3jIiHU%2F3lFc4jalpGDAhYOztAdQ%3D">
    
    
    <input type="hidden" name="errorViewName" value="PromotionDisplayView">
    <input type="hidden" name="SKU_ID" value="8133323">
    <input type="hidden" name="itemType" value="">
    <input type="hidden" name="parentSKU" value="">
    
    
       <input type="hidden" id="productCatentryId_1465265" value="1465264">
       <input type="hidden" id="catEntryId_1465264" value="1465265">
       <input type="hidden" name="ItemSKU_ID" value="8133323">
     
        
        <div class="quantity hidden" id="updateQtyPanelProduct_1465264" data-qty="">
            <ul>
                <li>
                    <a class="button decreaseQty " id="decreaseQty_1465264" href="#">-</a> 
                </li>
                <li>	
                    <label class="access" for="quantity_1465264">Quantity</label>						
                    <a href="#" class="button quantityPlp  " id="quantityUpdate_1465264">
                        </a>
                    <input name="quantity" id="quantity_1465264" type="hidden" size="3" value="" class="quantity">		        
                </li>
                <li>
                    
                    <a class="button increaseQty " id="increaseQty_1465264" href="#">+</a>
                </li>
            </ul>
        </div>				
            
        
            <input type="hidden" name="catEntryId" value="1465265">
        

        <input type="hidden" name="productId" value="1465264">
        

    <input type="hidden" name="URL" value="https://www.sainsburys.co.uk/webapp/wcs/stores/servlet/PromotionDisplayView?listId=2&amp;catalogId=10241&amp;productId=1117540&amp;langId=44&amp;storeId=10151&amp;promotionId=10669742">
    <input type="hidden" name="page" value="">
    <input type="hidden" name="contractId" value="">
    <input type="hidden" name="calculateOrder" value="1">
    <input type="hidden" name="calculationUsage" value="-1,-2,-3">
    <input type="hidden" name="updateable" value="1">
    <input type="hidden" name="merge" value="***">

                                  
            <input type="hidden" id="updateUrl_1465264" updateurlchild_1465265="AjaxOrderItemUpdate?calculateOrder=1&amp;itemType=&amp;ordItemUpdateFlag=0&amp;orderId=.&amp;updatePrices=1&amp;authToken=-1002%252C3jIiHU%252F3lFc4jalpGDAhYOztAdQ%253D&amp;calculationUsage=-1,-2,-3&amp;storeId=10151&amp;errorViewName=AjaxQuickCartDisplay&amp;URL=AjaxQuickCartDisplay&amp;catEntryId=1465265&amp;orderItemId_0=&amp;UOM_0=&amp;langId=44&amp;quantity_0=1">
            <input type="hidden" id="removeUrl_1465264" removeurlchild_1465265="AjaxOrderItemUpdate?calculateOrder=1&amp;itemType=&amp;productId=&amp;ordItemUpdateFlag=2&amp;orderId=.&amp;updatePrices=1&amp;authToken=-1002%252C3jIiHU%252F3lFc4jalpGDAhYOztAdQ%253D&amp;calculationUsage=-1,-2,-3&amp;storeId=10151&amp;errorViewName=AjaxQuickCartDisplay&amp;URL=AjaxQuickCartDisplay&amp;catEntryId=1465265&amp;productSKU=&amp;orderItemId_0=&amp;qtyDecremented=true&amp;langId=44&amp;quantity_0=0">           
         
       <input type="hidden" name="callAjax" value="false">
       
    
    <div class="add2Cart " id="addQtyPanelProduct_1465264">    
        
            <a class="button process addQty  " id="addQty_1465264" href="#">
                Add
            </a>

            <input type="hidden" name="Add" value="Add">
        
    </div>

</form>
<!-- END AddToTrolley.jsp -->
                                    </div>  
                                
                    </div><!-- END priceTabContainer Add container --><!-- Subscribe container --><!-- Start AddToSubscriptionList.jspf --><!-- Start AddToSubscriptionList.jsp --><!-- End AddToSubscriptionList.jsp --><!-- End AddToSubscriptionList.jspf --> 
                </div>  
            </div>  
        </div>
    </div>     
    </div> 
    <div id="additionalItems_1465265" class="additionalItems">
        <!-- BEGIN MerchandisingAssociationsDisplay.jsp --><!-- Start - JSP File Name:  MerchandisingAssociationsDisplay.jsp --><!-- END MerchandisingAssociationsDisplay.jsp -->  
    </div> 

<!-- END CatalogEntryThumbnailDisplay.jsp -->
                            </li>
                        
                            <li>
                                
                                                <div class="trolleySummary"><p class="saving">
                                                         <!-- %@ include file="../../include/PromotionStrapline.jspf"% -->
                                                </p></div>
                                            
                                                <div class="trolleySummary"><p class="saving">
                                                         <!-- %@ include file="../../include/PromotionStrapline.jspf"% -->
                                                </p></div>
                                            
                                                <div class="trolleySummary"><p class="saving">
                                                         <!-- %@ include file="../../include/PromotionStrapline.jspf"% -->
                                                </p></div>
                                            <!-- BEGIN CatalogEntryThumbnailDisplay.jsp -->
    <div class="product ">
        
        <div class="errorBanner hidden" id="error18892"></div>
                        
        
        <div class="productInner">
            <div class="productInfoWrapper">
                <div class="productInfo">
                    
                            <h3>
                                <a href="https://www.sainsburys.co.uk/shop/gb/groceries/product/details/kelloggs-nutri-grain-elevenses-raisin-bake-45g">
                                    Kellogg's Nutri-Grain Bakes Raisin 45g
                                    <img src="https://assets.sainsburys-groceries.co.uk/gol/3567272/image.jpg" alt="">
                                </a>
                            </h3>
                        
<div class="promotion">

                        <p>
                            <a strapline="Meal Deal for Â£5.00 | 3567272" href="https://www.sainsburys.co.uk/shop/PromotionDisplayView?listId=2&amp;catalogId=10241&amp;productId=18892&amp;langId=44&amp;storeId=10151&amp;promotionId=10664136"><!-- BEGIN include/PromotionStrapline.jspf -->Meal Deal for Â£5.00<br>

<!-- FINISH include/PromotionStrapline.jspf -->
                            </a>
                        </p>
                    
                        <p>
                            <a strapline="Meal Deal for Â£3.75 | 3567272" href="https://www.sainsburys.co.uk/shop/PromotionDisplayView?listId=2&amp;catalogId=10241&amp;productId=18892&amp;langId=44&amp;storeId=10151&amp;promotionId=10669742">PLUS <!-- BEGIN include/PromotionStrapline.jspf -->Meal Deal for Â£3.75<br>

<!-- FINISH include/PromotionStrapline.jspf -->
                            </a>
                        </p>
                                
</div>

                    <div class="ThumbnailRoundel">
                    <!--ThumbnailRoundel --> 
                    </div>
                    <div class="promoBages">
                        <!-- PROMOTION -->
                    </div>


                    <!-- Review --><!-- BEGIN CatalogEntryRatingsReviewsInfo.jspf --><!-- productAllowedRatingsAndReviews: true -->
<div class="reviews">

    <a class="numberOfReviews" href="https://www.sainsburys.co.uk/shop/gb/groceries/product/details/kelloggs-nutri-grain-elevenses-raisin-bake-45g">
        <img src="//www.sainsburys.co.uk/wcsstore7.137.2/SainsburysStorefrontAssetStore/img/stars/rating-3_8.gif" alt="3.8182" border="0">&nbsp; 
        Reviews (11)
    </a>

</div>
<!-- END CatalogEntryRatingsReviewsInfo.jspf -->
                </div>
                <!--ThumbnailRestriction -->
            </div>
            
            <div class="addToTrolleytabBox">
            <!-- addToTrolleytabBox LIST VIEW--><!-- Start UserSubscribedOrNot.jspf --><!-- Start UserSubscribedOrNot.jsp --><!-- 
    If the user is not logged in, render this opening 
    DIV adding an addtional class to fix the border top which is removed 
    and replaced by the tabs
-->
<div class="addToTrolleytabContainer addItemBorderTop">
<!-- End AddToSubscriptionList.jsp --><!-- End AddSubscriptionList.jspf --><!-- 
                    ATTENTION!!!
                    <div class="addToTrolleytabContainer">
                    This opening div is inside "../../ReusableObjects/UserSubscribedOrNot.jsp"
                    -->
                <div class="pricingAndTrolleyOptions">  
                    <div class="priceTab activeContainer priceTabContainer" id="addItem_18893"> 
                        <div class="pricing">
                            
<p class="pricePerUnit">
85p 
</p>

<p class="pricePerMeasure">Â£1.89<abbr title="per">/</abbr>100<abbr title="gram"><span class="pricePerMeasureMeasure">g</span></abbr>
</p>

                                
                        </div>  
                          
                                    <div class="addToTrolleyForm ">   
                                        <!-- BEGIN AddToTrolley.jsp --><!-- fire an on add to bag here from  -->

<form class="addToTrolleyForm" name="OrderItemAddForm_18892" action="OrderItemAdd" method="post" id="OrderItemAddForm_18892">
    <input type="hidden" name="storeId" value="10151">
    <input type="hidden" name="langId" value="44">
    <input type="hidden" name="catalogId" value="10241">
    <input type="hidden" name="authToken" id="authToken18892" value="-1002%2C3jIiHU%2F3lFc4jalpGDAhYOztAdQ%3D">
    
    
    <input type="hidden" name="errorViewName" value="PromotionDisplayView">
    <input type="hidden" name="SKU_ID" value="3567272">
    <input type="hidden" name="itemType" value="">
    <input type="hidden" name="parentSKU" value="">
    
    
       <input type="hidden" id="productCatentryId_18893" value="18892">
       <input type="hidden" id="catEntryId_18892" value="18893">
       <input type="hidden" name="ItemSKU_ID" value="3567272">
     
        
        <div class="quantity hidden" id="updateQtyPanelProduct_18892" data-qty="">
            <ul>
                <li>
                    <a class="button decreaseQty " id="decreaseQty_18892" href="#">-</a> 
                </li>
                <li>	
                    <label class="access" for="quantity_18892">Quantity</label>						
                    <a href="#" class="button quantityPlp  " id="quantityUpdate_18892">
                        </a>
                    <input name="quantity" id="quantity_18892" type="hidden" size="3" value="" class="quantity">		        
                </li>
                <li>
                    
                    <a class="button increaseQty " id="increaseQty_18892" href="#">+</a>
                </li>
            </ul>
        </div>				
            
        
            <input type="hidden" name="catEntryId" value="18893">
        

        <input type="hidden" name="productId" value="18892">
        

    <input type="hidden" name="URL" value="https://www.sainsburys.co.uk/webapp/wcs/stores/servlet/PromotionDisplayView?listId=2&amp;catalogId=10241&amp;productId=1117540&amp;langId=44&amp;storeId=10151&amp;promotionId=10669742">
    <input type="hidden" name="page" value="">
    <input type="hidden" name="contractId" value="">
    <input type="hidden" name="calculateOrder" value="1">
    <input type="hidden" name="calculationUsage" value="-1,-2,-3">
    <input type="hidden" name="updateable" value="1">
    <input type="hidden" name="merge" value="***">

                                  
            <input type="hidden" id="updateUrl_18892" updateurlchild_18893="AjaxOrderItemUpdate?calculateOrder=1&amp;itemType=&amp;ordItemUpdateFlag=0&amp;orderId=.&amp;updatePrices=1&amp;authToken=-1002%252C3jIiHU%252F3lFc4jalpGDAhYOztAdQ%253D&amp;calculationUsage=-1,-2,-3&amp;storeId=10151&amp;errorViewName=AjaxQuickCartDisplay&amp;URL=AjaxQuickCartDisplay&amp;catEntryId=18893&amp;orderItemId_0=&amp;UOM_0=&amp;langId=44&amp;quantity_0=1">
            <input type="hidden" id="removeUrl_18892" removeurlchild_18893="AjaxOrderItemUpdate?calculateOrder=1&amp;itemType=&amp;productId=&amp;ordItemUpdateFlag=2&amp;orderId=.&amp;updatePrices=1&amp;authToken=-1002%252C3jIiHU%252F3lFc4jalpGDAhYOztAdQ%253D&amp;calculationUsage=-1,-2,-3&amp;storeId=10151&amp;errorViewName=AjaxQuickCartDisplay&amp;URL=AjaxQuickCartDisplay&amp;catEntryId=18893&amp;productSKU=&amp;orderItemId_0=&amp;qtyDecremented=true&amp;langId=44&amp;quantity_0=0">           
         
       <input type="hidden" name="callAjax" value="false">
       
    
    <div class="add2Cart " id="addQtyPanelProduct_18892">    
        
            <a class="button process addQty  " id="addQty_18892" href="#">
                Add
            </a>

            <input type="hidden" name="Add" value="Add">
        
    </div>

</form>
<!-- END AddToTrolley.jsp -->
                                    </div>  
                                
                    </div><!-- END priceTabContainer Add container --><!-- Subscribe container --><!-- Start AddToSubscriptionList.jspf --><!-- Start AddToSubscriptionList.jsp --><!-- End AddToSubscriptionList.jsp --><!-- End AddToSubscriptionList.jspf --> 
                </div>  
            </div>  
        </div>
    </div>     
    </div> 
    <div id="additionalItems_18893" class="additionalItems">
        <!-- BEGIN MerchandisingAssociationsDisplay.jsp --><!-- Start - JSP File Name:  MerchandisingAssociationsDisplay.jsp --><!-- END MerchandisingAssociationsDisplay.jsp -->  
    </div> 

<!-- END CatalogEntryThumbnailDisplay.jsp -->
                            </li>
                        
                            <li>
                                
                                                <div class="trolleySummary"><p class="saving">
                                                         <!-- %@ include file="../../include/PromotionStrapline.jspf"% -->
                                                </p></div>
                                            
                                                <div class="trolleySummary"><p class="saving">
                                                         <!-- %@ include file="../../include/PromotionStrapline.jspf"% -->
                                                </p></div>
                                            
                                                <div class="trolleySummary"><p class="saving">
                                                         <!-- %@ include file="../../include/PromotionStrapline.jspf"% -->
                                                </p></div>
                                            <!-- BEGIN CatalogEntryThumbnailDisplay.jsp -->
    <div class="product ">
        
        <div class="errorBanner hidden" id="error1400256"></div>
                        
        
        <div class="productInner">
            <div class="productInfoWrapper">
                <div class="productInfo">
                    
                            <h3>
                                <a href="https://www.sainsburys.co.uk/shop/gb/groceries/product/details/love-corn-cheese-onion-premium-crunchy-corn-45g">
                                    Love Corn Cheese &amp; Onion Premium Crunchy Corn 45g
                                    <img src="https://assets.sainsburys-groceries.co.uk/gol/8065663/image.jpg" alt="">
                                </a>
                            </h3>
                        
<div class="promotion">

                        <p>
                            <a strapline="Meal Deal for Â£5.00 | 8065663" href="https://www.sainsburys.co.uk/shop/PromotionDisplayView?listId=2&amp;catalogId=10241&amp;productId=1400256&amp;langId=44&amp;storeId=10151&amp;promotionId=10664136"><!-- BEGIN include/PromotionStrapline.jspf -->Meal Deal for Â£5.00<br>

<!-- FINISH include/PromotionStrapline.jspf -->
                            </a>
                        </p>
                    
                        <p>
                            <a strapline="Meal Deal for Â£3.75 | 8065663" href="https://www.sainsburys.co.uk/shop/PromotionDisplayView?listId=2&amp;catalogId=10241&amp;productId=1400256&amp;langId=44&amp;storeId=10151&amp;promotionId=10669742">PLUS <!-- BEGIN include/PromotionStrapline.jspf -->Meal Deal for Â£3.75<br>

<!-- FINISH include/PromotionStrapline.jspf -->
                            </a>
                        </p>
                                
</div>

                    <div class="ThumbnailRoundel">
                    <!--ThumbnailRoundel --> 
                    </div>
                    <div class="promoBages">
                        <!-- PROMOTION -->
                    </div>


                    <!-- Review --><!-- BEGIN CatalogEntryRatingsReviewsInfo.jspf --><!-- productAllowedRatingsAndReviews: true -->
<div class="reviews">

    <a class="numberOfReviews" href="https://www.sainsburys.co.uk/shop/gb/groceries/product/details/love-corn-cheese-onion-premium-crunchy-corn-45g">
        <img src="//www.sainsburys.co.uk/wcsstore7.137.2/SainsburysStorefrontAssetStore/img/stars/rating-4_6.gif" alt="4.6129" border="0">&nbsp; 
        Reviews (31)
    </a>

</div>
<!-- END CatalogEntryRatingsReviewsInfo.jspf -->
                </div>
                <!--ThumbnailRestriction -->
            </div>
            
            <div class="addToTrolleytabBox">
            <!-- addToTrolleytabBox LIST VIEW--><!-- Start UserSubscribedOrNot.jspf --><!-- Start UserSubscribedOrNot.jsp --><!-- 
    If the user is not logged in, render this opening 
    DIV adding an addtional class to fix the border top which is removed 
    and replaced by the tabs
-->
<div class="addToTrolleytabContainer addItemBorderTop">
<!-- End AddToSubscriptionList.jsp --><!-- End AddSubscriptionList.jspf --><!-- 
                    ATTENTION!!!
                    <div class="addToTrolleytabContainer">
                    This opening div is inside "../../ReusableObjects/UserSubscribedOrNot.jsp"
                    -->
                <div class="pricingAndTrolleyOptions">  
                    <div class="priceTab activeContainer priceTabContainer" id="addItem_1400257"> 
                        <div class="pricing">
                            
<p class="pricePerUnit">
Â£1.10 
</p>

<p class="pricePerMeasure">Â£2.44<abbr title="per">/</abbr>100<abbr title="gram"><span class="pricePerMeasureMeasure">g</span></abbr>
</p>

                                
                        </div>  
                          
                                    <div class="addToTrolleyForm ">   
                                        <!-- BEGIN AddToTrolley.jsp --><!-- fire an on add to bag here from  -->

<form class="addToTrolleyForm" name="OrderItemAddForm_1400256" action="OrderItemAdd" method="post" id="OrderItemAddForm_1400256">
    <input type="hidden" name="storeId" value="10151">
    <input type="hidden" name="langId" value="44">
    <input type="hidden" name="catalogId" value="10241">
    <input type="hidden" name="authToken" id="authToken1400256" value="-1002%2C3jIiHU%2F3lFc4jalpGDAhYOztAdQ%3D">
    
    
    <input type="hidden" name="errorViewName" value="PromotionDisplayView">
    <input type="hidden" name="SKU_ID" value="8065663">
    <input type="hidden" name="itemType" value="">
    <input type="hidden" name="parentSKU" value="">
    
    
       <input type="hidden" id="productCatentryId_1400257" value="1400256">
       <input type="hidden" id="catEntryId_1400256" value="1400257">
       <input type="hidden" name="ItemSKU_ID" value="8065663">
     
        
        <div class="quantity hidden" id="updateQtyPanelProduct_1400256" data-qty="">
            <ul>
                <li>
                    <a class="button decreaseQty " id="decreaseQty_1400256" href="#">-</a> 
                </li>
                <li>	
                    <label class="access" for="quantity_1400256">Quantity</label>						
                    <a href="#" class="button quantityPlp  " id="quantityUpdate_1400256">
                        </a>
                    <input name="quantity" id="quantity_1400256" type="hidden" size="3" value="" class="quantity">		        
                </li>
                <li>
                    
                    <a class="button increaseQty " id="increaseQty_1400256" href="#">+</a>
                </li>
            </ul>
        </div>				
            
        
            <input type="hidden" name="catEntryId" value="1400257">
        

        <input type="hidden" name="productId" value="1400256">
        

    <input type="hidden" name="URL" value="https://www.sainsburys.co.uk/webapp/wcs/stores/servlet/PromotionDisplayView?listId=2&amp;catalogId=10241&amp;productId=1117540&amp;langId=44&amp;storeId=10151&amp;promotionId=10669742">
    <input type="hidden" name="page" value="">
    <input type="hidden" name="contractId" value="">
    <input type="hidden" name="calculateOrder" value="1">
    <input type="hidden" name="calculationUsage" value="-1,-2,-3">
    <input type="hidden" name="updateable" value="1">
    <input type="hidden" name="merge" value="***">

                                  
            <input type="hidden" id="updateUrl_1400256" updateurlchild_1400257="AjaxOrderItemUpdate?calculateOrder=1&amp;itemType=&amp;ordItemUpdateFlag=0&amp;orderId=.&amp;updatePrices=1&amp;authToken=-1002%252C3jIiHU%252F3lFc4jalpGDAhYOztAdQ%253D&amp;calculationUsage=-1,-2,-3&amp;storeId=10151&amp;errorViewName=AjaxQuickCartDisplay&amp;URL=AjaxQuickCartDisplay&amp;catEntryId=1400257&amp;orderItemId_0=&amp;UOM_0=&amp;langId=44&amp;quantity_0=1">
            <input type="hidden" id="removeUrl_1400256" removeurlchild_1400257="AjaxOrderItemUpdate?calculateOrder=1&amp;itemType=&amp;productId=&amp;ordItemUpdateFlag=2&amp;orderId=.&amp;updatePrices=1&amp;authToken=-1002%252C3jIiHU%252F3lFc4jalpGDAhYOztAdQ%253D&amp;calculationUsage=-1,-2,-3&amp;storeId=10151&amp;errorViewName=AjaxQuickCartDisplay&amp;URL=AjaxQuickCartDisplay&amp;catEntryId=1400257&amp;productSKU=&amp;orderItemId_0=&amp;qtyDecremented=true&amp;langId=44&amp;quantity_0=0">           
         
       <input type="hidden" name="callAjax" value="false">
       
    
    <div class="add2Cart " id="addQtyPanelProduct_1400256">    
        
            <a class="button process addQty  " id="addQty_1400256" href="#">
                Add
            </a>

            <input type="hidden" name="Add" value="Add">
        
    </div>

</form>
<!-- END AddToTrolley.jsp -->
                                    </div>  
                                
                    </div><!-- END priceTabContainer Add container --><!-- Subscribe container --><!-- Start AddToSubscriptionList.jspf --><!-- Start AddToSubscriptionList.jsp --><!-- End AddToSubscriptionList.jsp --><!-- End AddToSubscriptionList.jspf --> 
                </div>  
            </div>  
        </div>
    </div>     
    </div> 
    <div id="additionalItems_1400257" class="additionalItems">
        <!-- BEGIN MerchandisingAssociationsDisplay.jsp --><!-- Start - JSP File Name:  MerchandisingAssociationsDisplay.jsp --><!-- END MerchandisingAssociationsDisplay.jsp -->  
    </div> 

<!-- END CatalogEntryThumbnailDisplay.jsp -->
                            </li>
                        
                            <li>
                                
                                                <div class="trolleySummary"><p class="saving">
                                                         <!-- %@ include file="../../include/PromotionStrapline.jspf"% -->
                                                </p></div>
                                            
                                                <div class="trolleySummary"><p class="saving">
                                                         <!-- %@ include file="../../include/PromotionStrapline.jspf"% -->
                                                </p></div>
                                            
                                                <div class="trolleySummary"><p class="saving">
                                                         <!-- %@ include file="../../include/PromotionStrapline.jspf"% -->
                                                </p></div>
                                            <!-- BEGIN CatalogEntryThumbnailDisplay.jsp -->
    <div class="product ">
        
        <div class="errorBanner hidden" id="error1482354"></div>
                        
        
        <div class="productInner">
            <div class="productInfoWrapper">
                <div class="productInfo">
                    
                            <h3>
                                <a href="https://www.sainsburys.co.uk/shop/gb/groceries/product/details/nakd-peanut-butter-protein-bar-45g">
                                    N?kd Protein Bar Peanut Butter 45g
                                    <img src="https://assets.sainsburys-groceries.co.uk/gol/8153200/image.jpg" alt="">
                                </a>
                            </h3>
                        
<div class="promotion">

                        <p>
                            <a strapline="Meal Deal for Â£5.00 | 8153200" href="https://www.sainsburys.co.uk/shop/PromotionDisplayView?listId=2&amp;catalogId=10241&amp;productId=1482354&amp;langId=44&amp;storeId=10151&amp;promotionId=10664136"><!-- BEGIN include/PromotionStrapline.jspf -->Meal Deal for Â£5.00<br>

<!-- FINISH include/PromotionStrapline.jspf -->
                            </a>
                        </p>
                    
                        <p>
                            <a strapline="Meal Deal for Â£3.75 | 8153200" href="https://www.sainsburys.co.uk/shop/PromotionDisplayView?listId=2&amp;catalogId=10241&amp;productId=1482354&amp;langId=44&amp;storeId=10151&amp;promotionId=10669742">PLUS <!-- BEGIN include/PromotionStrapline.jspf -->Meal Deal for Â£3.75<br>

<!-- FINISH include/PromotionStrapline.jspf -->
                            </a>
                        </p>
                                
</div>

                    <div class="ThumbnailRoundel">
                    <!--ThumbnailRoundel --> 
                    </div>
                    <div class="promoBages">
                        <!-- PROMOTION -->
                    </div>


                    <!-- Review --><!-- BEGIN CatalogEntryRatingsReviewsInfo.jspf --><!-- productAllowedRatingsAndReviews: true -->
<div class="reviews">

    <a class="numberOfReviews" href="https://www.sainsburys.co.uk/shop/gb/groceries/product/details/nakd-peanut-butter-protein-bar-45g">
        <img src="//www.sainsburys.co.uk/wcsstore7.137.2/SainsburysStorefrontAssetStore/img/stars/rating-4_3.gif" alt="4.3077" border="0">&nbsp; 
        Reviews (39)
    </a>

</div>
<!-- END CatalogEntryRatingsReviewsInfo.jspf -->
                </div>
                <!--ThumbnailRestriction -->
            </div>
            
            <div class="addToTrolleytabBox">
            <!-- addToTrolleytabBox LIST VIEW--><!-- Start UserSubscribedOrNot.jspf --><!-- Start UserSubscribedOrNot.jsp --><!-- 
    If the user is not logged in, render this opening 
    DIV adding an addtional class to fix the border top which is removed 
    and replaced by the tabs
-->
<div class="addToTrolleytabContainer addItemBorderTop">
<!-- End AddToSubscriptionList.jsp --><!-- End AddSubscriptionList.jspf --><!-- 
                    ATTENTION!!!
                    <div class="addToTrolleytabContainer">
                    This opening div is inside "../../ReusableObjects/UserSubscribedOrNot.jsp"
                    -->
                <div class="pricingAndTrolleyOptions">  
                    <div class="priceTab activeContainer priceTabContainer" id="addItem_1482355"> 
                        <div class="pricing">
                            
<p class="pricePerUnit">
Â£1.45 
</p>

<p class="pricePerMeasure">Â£3.22<abbr title="per">/</abbr>100<abbr title="gram"><span class="pricePerMeasureMeasure">g</span></abbr>
</p>

                                
                        </div>  
                          
                                    <div class="addToTrolleyForm ">   
                                        <!-- BEGIN AddToTrolley.jsp --><!-- fire an on add to bag here from  -->

<form class="addToTrolleyForm" name="OrderItemAddForm_1482354" action="OrderItemAdd" method="post" id="OrderItemAddForm_1482354">
    <input type="hidden" name="storeId" value="10151">
    <input type="hidden" name="langId" value="44">
    <input type="hidden" name="catalogId" value="10241">
    <input type="hidden" name="authToken" id="authToken1482354" value="-1002%2C3jIiHU%2F3lFc4jalpGDAhYOztAdQ%3D">
    
    
    <input type="hidden" name="errorViewName" value="PromotionDisplayView">
    <input type="hidden" name="SKU_ID" value="8153200">
    <input type="hidden" name="itemType" value="">
    <input type="hidden" name="parentSKU" value="">
    
    
       <input type="hidden" id="productCatentryId_1482355" value="1482354">
       <input type="hidden" id="catEntryId_1482354" value="1482355">
       <input type="hidden" name="ItemSKU_ID" value="8153200">
     
        
        <div class="quantity hidden" id="updateQtyPanelProduct_1482354" data-qty="">
            <ul>
                <li>
                    <a class="button decreaseQty " id="decreaseQty_1482354" href="#">-</a> 
                </li>
                <li>	
                    <label class="access" for="quantity_1482354">Quantity</label>						
                    <a href="#" class="button quantityPlp  " id="quantityUpdate_1482354">
                        </a>
                    <input name="quantity" id="quantity_1482354" type="hidden" size="3" value="" class="quantity">		        
                </li>
                <li>
                    
                    <a class="button increaseQty " id="increaseQty_1482354" href="#">+</a>
                </li>
            </ul>
        </div>				
            
        
            <input type="hidden" name="catEntryId" value="1482355">
        

        <input type="hidden" name="productId" value="1482354">
        

    <input type="hidden" name="URL" value="https://www.sainsburys.co.uk/webapp/wcs/stores/servlet/PromotionDisplayView?listId=2&amp;catalogId=10241&amp;productId=1117540&amp;langId=44&amp;storeId=10151&amp;promotionId=10669742">
    <input type="hidden" name="page" value="">
    <input type="hidden" name="contractId" value="">
    <input type="hidden" name="calculateOrder" value="1">
    <input type="hidden" name="calculationUsage" value="-1,-2,-3">
    <input type="hidden" name="updateable" value="1">
    <input type="hidden" name="merge" value="***">

                                  
            <input type="hidden" id="updateUrl_1482354" updateurlchild_1482355="AjaxOrderItemUpdate?calculateOrder=1&amp;itemType=&amp;ordItemUpdateFlag=0&amp;orderId=.&amp;updatePrices=1&amp;authToken=-1002%252C3jIiHU%252F3lFc4jalpGDAhYOztAdQ%253D&amp;calculationUsage=-1,-2,-3&amp;storeId=10151&amp;errorViewName=AjaxQuickCartDisplay&amp;URL=AjaxQuickCartDisplay&amp;catEntryId=1482355&amp;orderItemId_0=&amp;UOM_0=&amp;langId=44&amp;quantity_0=1">
            <input type="hidden" id="removeUrl_1482354" removeurlchild_1482355="AjaxOrderItemUpdate?calculateOrder=1&amp;itemType=&amp;productId=&amp;ordItemUpdateFlag=2&amp;orderId=.&amp;updatePrices=1&amp;authToken=-1002%252C3jIiHU%252F3lFc4jalpGDAhYOztAdQ%253D&amp;calculationUsage=-1,-2,-3&amp;storeId=10151&amp;errorViewName=AjaxQuickCartDisplay&amp;URL=AjaxQuickCartDisplay&amp;catEntryId=1482355&amp;productSKU=&amp;orderItemId_0=&amp;qtyDecremented=true&amp;langId=44&amp;quantity_0=0">           
         
       <input type="hidden" name="callAjax" value="false">
       
    
    <div class="add2Cart " id="addQtyPanelProduct_1482354">    
        
            <a class="button process addQty  " id="addQty_1482354" href="#">
                Add
            </a>

            <input type="hidden" name="Add" value="Add">
        
    </div>

</form>
<!-- END AddToTrolley.jsp -->
                                    </div>  
                                
                    </div><!-- END priceTabContainer Add container --><!-- Subscribe container --><!-- Start AddToSubscriptionList.jspf --><!-- Start AddToSubscriptionList.jsp --><!-- End AddToSubscriptionList.jsp --><!-- End AddToSubscriptionList.jspf --> 
                </div>  
            </div>  
        </div>
    </div>     
    </div> 
    <div id="additionalItems_1482355" class="additionalItems">
        <!-- BEGIN MerchandisingAssociationsDisplay.jsp --><!-- Start - JSP File Name:  MerchandisingAssociationsDisplay.jsp --><!-- END MerchandisingAssociationsDisplay.jsp -->  
    </div> 

<!-- END CatalogEntryThumbnailDisplay.jsp -->
                            </li>
                        
                            <li>
                                
                                                <div class="trolleySummary"><p class="saving">
                                                         <!-- %@ include file="../../include/PromotionStrapline.jspf"% -->
                                                </p></div>
                                            
                                                <div class="trolleySummary"><p class="saving">
                                                         <!-- %@ include file="../../include/PromotionStrapline.jspf"% -->
                                                </p></div>
                                            
                                                <div class="trolleySummary"><p class="saving">
                                                         <!-- %@ include file="../../include/PromotionStrapline.jspf"% -->
                                                </p></div>
                                            <!-- BEGIN CatalogEntryThumbnailDisplay.jsp -->
    <div class="product ">
        
        <div class="errorBanner hidden" id="error1482452"></div>
                        
        
        <div class="productInner">
            <div class="productInfoWrapper">
                <div class="productInfo">
                    
                            <h3>
                                <a href="https://www.sainsburys.co.uk/shop/gb/groceries/product/details/nakd-cocoa-hazelnut-protein-bar-45g">
                                    Nakd Cocoa Hazelnut Protein Bar 45g
                                    <img src="https://assets.sainsburys-groceries.co.uk/gol/8153246/image.jpg" alt="">
                                </a>
                            </h3>
                        
<div class="promotion">

                        <p>
                            <a strapline="Meal Deal for Â£5.00 | 8153246" href="https://www.sainsburys.co.uk/shop/PromotionDisplayView?listId=2&amp;catalogId=10241&amp;productId=1482452&amp;langId=44&amp;storeId=10151&amp;promotionId=10664136"><!-- BEGIN include/PromotionStrapline.jspf -->Meal Deal for Â£5.00<br>

<!-- FINISH include/PromotionStrapline.jspf -->
                            </a>
                        </p>
                    
                        <p>
                            <a strapline="Meal Deal for Â£3.75 | 8153246" href="https://www.sainsburys.co.uk/shop/PromotionDisplayView?listId=2&amp;catalogId=10241&amp;productId=1482452&amp;langId=44&amp;storeId=10151&amp;promotionId=10669742">PLUS <!-- BEGIN include/PromotionStrapline.jspf -->Meal Deal for Â£3.75<br>

<!-- FINISH include/PromotionStrapline.jspf -->
                            </a>
                        </p>
                                
</div>

                    <div class="ThumbnailRoundel">
                    <!--ThumbnailRoundel --> 
                    </div>
                    <div class="promoBages">
                        <!-- PROMOTION -->
                    </div>


                    <!-- Review --><!-- BEGIN CatalogEntryRatingsReviewsInfo.jspf --><!-- productAllowedRatingsAndReviews: true -->
<div class="reviews">

    <a class="numberOfReviews" href="https://www.sainsburys.co.uk/shop/gb/groceries/product/details/nakd-cocoa-hazelnut-protein-bar-45g">
        <img src="//www.sainsburys.co.uk/wcsstore7.137.2/SainsburysStorefrontAssetStore/img/stars/rating-4_4.gif" alt="4.4423" border="0">&nbsp; 
        Reviews (52)
    </a>

</div>
<!-- END CatalogEntryRatingsReviewsInfo.jspf -->
                </div>
                <!--ThumbnailRestriction -->
            </div>
            
            <div class="addToTrolleytabBox">
            <!-- addToTrolleytabBox LIST VIEW--><!-- Start UserSubscribedOrNot.jspf --><!-- Start UserSubscribedOrNot.jsp --><!-- 
    If the user is not logged in, render this opening 
    DIV adding an addtional class to fix the border top which is removed 
    and replaced by the tabs
-->
<div class="addToTrolleytabContainer addItemBorderTop">
<!-- End AddToSubscriptionList.jsp --><!-- End AddSubscriptionList.jspf --><!-- 
                    ATTENTION!!!
                    <div class="addToTrolleytabContainer">
                    This opening div is inside "../../ReusableObjects/UserSubscribedOrNot.jsp"
                    -->
                <div class="pricingAndTrolleyOptions">  
                    <div class="priceTab activeContainer priceTabContainer" id="addItem_1482453"> 
                        <div class="pricing">
                            
<p class="pricePerUnit">
Â£1.45 
</p>

<p class="pricePerMeasure">Â£3.22<abbr title="per">/</abbr>100<abbr title="gram"><span class="pricePerMeasureMeasure">g</span></abbr>
</p>

                                
                        </div>  
                          
                                    <div class="addToTrolleyForm ">   
                                        <!-- BEGIN AddToTrolley.jsp --><!-- fire an on add to bag here from  -->

<form class="addToTrolleyForm" name="OrderItemAddForm_1482452" action="OrderItemAdd" method="post" id="OrderItemAddForm_1482452">
    <input type="hidden" name="storeId" value="10151">
    <input type="hidden" name="langId" value="44">
    <input type="hidden" name="catalogId" value="10241">
    <input type="hidden" name="authToken" id="authToken1482452" value="-1002%2C3jIiHU%2F3lFc4jalpGDAhYOztAdQ%3D">
    
    
    <input type="hidden" name="errorViewName" value="PromotionDisplayView">
    <input type="hidden" name="SKU_ID" value="8153246">
    <input type="hidden" name="itemType" value="">
    <input type="hidden" name="parentSKU" value="">
    
    
       <input type="hidden" id="productCatentryId_1482453" value="1482452">
       <input type="hidden" id="catEntryId_1482452" value="1482453">
       <input type="hidden" name="ItemSKU_ID" value="8153246">
     
        
        <div class="quantity hidden" id="updateQtyPanelProduct_1482452" data-qty="">
            <ul>
                <li>
                    <a class="button decreaseQty " id="decreaseQty_1482452" href="#">-</a> 
                </li>
                <li>	
                    <label class="access" for="quantity_1482452">Quantity</label>						
                    <a href="#" class="button quantityPlp  " id="quantityUpdate_1482452">
                        </a>
                    <input name="quantity" id="quantity_1482452" type="hidden" size="3" value="" class="quantity">		        
                </li>
                <li>
                    
                    <a class="button increaseQty " id="increaseQty_1482452" href="#">+</a>
                </li>
            </ul>
        </div>				
            
        
            <input type="hidden" name="catEntryId" value="1482453">
        

        <input type="hidden" name="productId" value="1482452">
        

    <input type="hidden" name="URL" value="https://www.sainsburys.co.uk/webapp/wcs/stores/servlet/PromotionDisplayView?listId=2&amp;catalogId=10241&amp;productId=1117540&amp;langId=44&amp;storeId=10151&amp;promotionId=10669742">
    <input type="hidden" name="page" value="">
    <input type="hidden" name="contractId" value="">
    <input type="hidden" name="calculateOrder" value="1">
    <input type="hidden" name="calculationUsage" value="-1,-2,-3">
    <input type="hidden" name="updateable" value="1">
    <input type="hidden" name="merge" value="***">

                                  
            <input type="hidden" id="updateUrl_1482452" updateurlchild_1482453="AjaxOrderItemUpdate?calculateOrder=1&amp;itemType=&amp;ordItemUpdateFlag=0&amp;orderId=.&amp;updatePrices=1&amp;authToken=-1002%252C3jIiHU%252F3lFc4jalpGDAhYOztAdQ%253D&amp;calculationUsage=-1,-2,-3&amp;storeId=10151&amp;errorViewName=AjaxQuickCartDisplay&amp;URL=AjaxQuickCartDisplay&amp;catEntryId=1482453&amp;orderItemId_0=&amp;UOM_0=&amp;langId=44&amp;quantity_0=1">
            <input type="hidden" id="removeUrl_1482452" removeurlchild_1482453="AjaxOrderItemUpdate?calculateOrder=1&amp;itemType=&amp;productId=&amp;ordItemUpdateFlag=2&amp;orderId=.&amp;updatePrices=1&amp;authToken=-1002%252C3jIiHU%252F3lFc4jalpGDAhYOztAdQ%253D&amp;calculationUsage=-1,-2,-3&amp;storeId=10151&amp;errorViewName=AjaxQuickCartDisplay&amp;URL=AjaxQuickCartDisplay&amp;catEntryId=1482453&amp;productSKU=&amp;orderItemId_0=&amp;qtyDecremented=true&amp;langId=44&amp;quantity_0=0">           
         
       <input type="hidden" name="callAjax" value="false">
       
    
    <div class="add2Cart " id="addQtyPanelProduct_1482452">    
        
            <a class="button process addQty  " id="addQty_1482452" href="#">
                Add
            </a>

            <input type="hidden" name="Add" value="Add">
        
    </div>

</form>
<!-- END AddToTrolley.jsp -->
                                    </div>  
                                
                    </div><!-- END priceTabContainer Add container --><!-- Subscribe container --><!-- Start AddToSubscriptionList.jspf --><!-- Start AddToSubscriptionList.jsp --><!-- End AddToSubscriptionList.jsp --><!-- End AddToSubscriptionList.jspf --> 
                </div>  
            </div>  
        </div>
    </div>     
    </div> 
    <div id="additionalItems_1482453" class="additionalItems">
        <!-- BEGIN MerchandisingAssociationsDisplay.jsp --><!-- Start - JSP File Name:  MerchandisingAssociationsDisplay.jsp --><!-- END MerchandisingAssociationsDisplay.jsp -->  
    </div> 

<!-- END CatalogEntryThumbnailDisplay.jsp -->
                            </li>
                        
                            <li>
                                
                                                <div class="trolleySummary"><p class="saving">
                                                         <!-- %@ include file="../../include/PromotionStrapline.jspf"% -->
                                                </p></div>
                                            
                                                <div class="trolleySummary"><p class="saving">
                                                         <!-- %@ include file="../../include/PromotionStrapline.jspf"% -->
                                                </p></div>
                                            
                                                <div class="trolleySummary"><p class="saving">
                                                         <!-- %@ include file="../../include/PromotionStrapline.jspf"% -->
                                                </p></div>
                                            <!-- BEGIN CatalogEntryThumbnailDisplay.jsp -->
    <div class="product ">
        
        <div class="errorBanner hidden" id="error1527602"></div>
                        
        
        <div class="productInner">
            <div class="productInfoWrapper">
                <div class="productInfo">
                    
                            <h3>
                                <a href="https://www.sainsburys.co.uk/shop/gb/groceries/product/details/itsu-crispy-seaweed-thins-sea-salt-5g">
                                    itsu Crispy Seaweed Thins Sea Salt 5g
                                    <img src="https://assets.sainsburys-groceries.co.uk/gol/8190550/image.jpg" alt="">
                                </a>
                            </h3>
                        
<div class="promotion">

                        <p>
                            <a strapline="Meal Deal for Â£5.00 | 8190550" href="https://www.sainsburys.co.uk/shop/PromotionDisplayView?listId=2&amp;catalogId=10241&amp;productId=1527602&amp;langId=44&amp;storeId=10151&amp;promotionId=10664136"><!-- BEGIN include/PromotionStrapline.jspf -->Meal Deal for Â£5.00<br>

<!-- FINISH include/PromotionStrapline.jspf -->
                            </a>
                        </p>
                    
                        <p>
                            <a strapline="Meal Deal for Â£3.75 | 8190550" href="https://www.sainsburys.co.uk/shop/PromotionDisplayView?listId=2&amp;catalogId=10241&amp;productId=1527602&amp;langId=44&amp;storeId=10151&amp;promotionId=10669742">PLUS <!-- BEGIN include/PromotionStrapline.jspf -->Meal Deal for Â£3.75<br>

<!-- FINISH include/PromotionStrapline.jspf -->
                            </a>
                        </p>
                                
</div>

                    <div class="ThumbnailRoundel">
                    <!--ThumbnailRoundel --> 
                    </div>
                    <div class="promoBages">
                        <!-- PROMOTION -->
                    </div>


                    <!-- Review --><!-- BEGIN CatalogEntryRatingsReviewsInfo.jspf --><!-- productAllowedRatingsAndReviews: true -->
<div class="reviews">

    <a class="numberOfReviews repressive" href="http://reviews.sainsburys.co.uk//8076-en_gb/8190550-P/writereview.htm?submissionurl=https%3A%2F%2Fwww.sainsburys.co.uk%2Fwebapp%2Fwcs%2Fstores%2Fservlet%2FBVReviewSubmitDisplay%3FcatalogId%3D10241%26storeId%3D10151%26recipe%3D%26langId%3D44%26productId%3D8190550-P&amp;return=https%3A%2F%2Fwww.sainsburys.co.uk%2Fwebapp%2Fwcs%2Fstores%2Fservlet%2FPromotionDisplayView%3FlistId%3D2%26catalogId%3D10241%26productId%3D1117540%26langId%3D44%26storeId%3D10151%26promotionId%3D10669742">
Write a review
      </a>

</div>
<!-- END CatalogEntryRatingsReviewsInfo.jspf -->
                </div>
                <!--ThumbnailRestriction -->
            </div>
            
            <div class="addToTrolleytabBox">
            <!-- addToTrolleytabBox LIST VIEW--><!-- Start UserSubscribedOrNot.jspf --><!-- Start UserSubscribedOrNot.jsp --><!-- 
    If the user is not logged in, render this opening 
    DIV adding an addtional class to fix the border top which is removed 
    and replaced by the tabs
-->
<div class="addToTrolleytabContainer addItemBorderTop">
<!-- End AddToSubscriptionList.jsp --><!-- End AddSubscriptionList.jspf --><!-- 
                    ATTENTION!!!
                    <div class="addToTrolleytabContainer">
                    This opening div is inside "../../ReusableObjects/UserSubscribedOrNot.jsp"
                    -->
                <div class="pricingAndTrolleyOptions">  
                    <div class="priceTab activeContainer priceTabContainer" id="addItem_1527603"> 
                        <div class="pricing">
                            
<p class="pricePerUnit">
Â£1.00 
</p>

<p class="pricePerMeasure">Â£20.00<abbr title="per">/</abbr>100<abbr title="gram"><span class="pricePerMeasureMeasure">g</span></abbr>
</p>

                                
                        </div>  
                          
                                    <div class="addToTrolleyForm ">   
                                        <!-- BEGIN AddToTrolley.jsp --><!-- fire an on add to bag here from  -->

<form class="addToTrolleyForm" name="OrderItemAddForm_1527602" action="OrderItemAdd" method="post" id="OrderItemAddForm_1527602">
    <input type="hidden" name="storeId" value="10151">
    <input type="hidden" name="langId" value="44">
    <input type="hidden" name="catalogId" value="10241">
    <input type="hidden" name="authToken" id="authToken1527602" value="-1002%2C3jIiHU%2F3lFc4jalpGDAhYOztAdQ%3D">
    
    
    <input type="hidden" name="errorViewName" value="PromotionDisplayView">
    <input type="hidden" name="SKU_ID" value="8190550">
    <input type="hidden" name="itemType" value="">
    <input type="hidden" name="parentSKU" value="">
    
    
       <input type="hidden" id="productCatentryId_1527603" value="1527602">
       <input type="hidden" id="catEntryId_1527602" value="1527603">
       <input type="hidden" name="ItemSKU_ID" value="8190550">
     
        
        <div class="quantity hidden" id="updateQtyPanelProduct_1527602" data-qty="">
            <ul>
                <li>
                    <a class="button decreaseQty " id="decreaseQty_1527602" href="#">-</a> 
                </li>
                <li>	
                    <label class="access" for="quantity_1527602">Quantity</label>						
                    <a href="#" class="button quantityPlp  " id="quantityUpdate_1527602">
                        </a>
                    <input name="quantity" id="quantity_1527602" type="hidden" size="3" value="" class="quantity">		        
                </li>
                <li>
                    
                    <a class="button increaseQty " id="increaseQty_1527602" href="#">+</a>
                </li>
            </ul>
        </div>				
            
        
            <input type="hidden" name="catEntryId" value="1527603">
        

        <input type="hidden" name="productId" value="1527602">
        

    <input type="hidden" name="URL" value="https://www.sainsburys.co.uk/webapp/wcs/stores/servlet/PromotionDisplayView?listId=2&amp;catalogId=10241&amp;productId=1117540&amp;langId=44&amp;storeId=10151&amp;promotionId=10669742">
    <input type="hidden" name="page" value="">
    <input type="hidden" name="contractId" value="">
    <input type="hidden" name="calculateOrder" value="1">
    <input type="hidden" name="calculationUsage" value="-1,-2,-3">
    <input type="hidden" name="updateable" value="1">
    <input type="hidden" name="merge" value="***">

                                  
            <input type="hidden" id="updateUrl_1527602" updateurlchild_1527603="AjaxOrderItemUpdate?calculateOrder=1&amp;itemType=&amp;ordItemUpdateFlag=0&amp;orderId=.&amp;updatePrices=1&amp;authToken=-1002%252C3jIiHU%252F3lFc4jalpGDAhYOztAdQ%253D&amp;calculationUsage=-1,-2,-3&amp;storeId=10151&amp;errorViewName=AjaxQuickCartDisplay&amp;URL=AjaxQuickCartDisplay&amp;catEntryId=1527603&amp;orderItemId_0=&amp;UOM_0=&amp;langId=44&amp;quantity_0=1">
            <input type="hidden" id="removeUrl_1527602" removeurlchild_1527603="AjaxOrderItemUpdate?calculateOrder=1&amp;itemType=&amp;productId=&amp;ordItemUpdateFlag=2&amp;orderId=.&amp;updatePrices=1&amp;authToken=-1002%252C3jIiHU%252F3lFc4jalpGDAhYOztAdQ%253D&amp;calculationUsage=-1,-2,-3&amp;storeId=10151&amp;errorViewName=AjaxQuickCartDisplay&amp;URL=AjaxQuickCartDisplay&amp;catEntryId=1527603&amp;productSKU=&amp;orderItemId_0=&amp;qtyDecremented=true&amp;langId=44&amp;quantity_0=0">           
         
       <input type="hidden" name="callAjax" value="false">
       
    
    <div class="add2Cart " id="addQtyPanelProduct_1527602">    
        
            <a class="button process addQty  " id="addQty_1527602" href="#">
                Add
            </a>

            <input type="hidden" name="Add" value="Add">
        
    </div>

</form>
<!-- END AddToTrolley.jsp -->
                                    </div>  
                                
                    </div><!-- END priceTabContainer Add container --><!-- Subscribe container --><!-- Start AddToSubscriptionList.jspf --><!-- Start AddToSubscriptionList.jsp --><!-- End AddToSubscriptionList.jsp --><!-- End AddToSubscriptionList.jspf --> 
                </div>  
            </div>  
        </div>
    </div>     
    </div> 
    <div id="additionalItems_1527603" class="additionalItems">
        <!-- BEGIN MerchandisingAssociationsDisplay.jsp --><!-- Start - JSP File Name:  MerchandisingAssociationsDisplay.jsp --><!-- END MerchandisingAssociationsDisplay.jsp -->  
    </div> 

<!-- END CatalogEntryThumbnailDisplay.jsp -->
                            </li>
                        
                            <li>
                                
                                                <div class="trolleySummary"><p class="saving">
                                                         <!-- %@ include file="../../include/PromotionStrapline.jspf"% -->
                                                </p></div>
                                            
                                                <div class="trolleySummary"><p class="saving">
                                                         <!-- %@ include file="../../include/PromotionStrapline.jspf"% -->
                                                </p></div>
                                            
                                                <div class="trolleySummary"><p class="saving">
                                                         <!-- %@ include file="../../include/PromotionStrapline.jspf"% -->
                                                </p></div>
                                            <!-- BEGIN CatalogEntryThumbnailDisplay.jsp -->
    <div class="product ">
        
        <div class="errorBanner hidden" id="error1547346"></div>
                        
        
        <div class="productInner">
            <div class="productInfoWrapper">
                <div class="productInfo">
                    
                            <h3>
                                <a href="https://www.sainsburys.co.uk/shop/gb/groceries/product/details/walkers-sensations-thai-sweet-chilli-grab-bag-crisps-40g">
                                    Walkers Sensations Thai Sweet Chilli Grab Bag Crisps 40g
                                    <img src="https://assets.sainsburys-groceries.co.uk/gol/8206306/image.jpg" alt="">
                                </a>
                            </h3>
                        
<div class="promotion">

                        <p>
                            <a strapline="Meal Deal for Â£5.00 | 8206306" href="https://www.sainsburys.co.uk/shop/PromotionDisplayView?listId=2&amp;catalogId=10241&amp;productId=1547346&amp;langId=44&amp;storeId=10151&amp;promotionId=10664136"><!-- BEGIN include/PromotionStrapline.jspf -->Meal Deal for Â£5.00<br>

<!-- FINISH include/PromotionStrapline.jspf -->
                            </a>
                        </p>
                    
                        <p>
                            <a strapline="Meal Deal for Â£3.75 | 8206306" href="https://www.sainsburys.co.uk/shop/PromotionDisplayView?listId=2&amp;catalogId=10241&amp;productId=1547346&amp;langId=44&amp;storeId=10151&amp;promotionId=10669742">PLUS <!-- BEGIN include/PromotionStrapline.jspf -->Meal Deal for Â£3.75<br>

<!-- FINISH include/PromotionStrapline.jspf -->
                            </a>
                        </p>
                                
</div>

                    <div class="ThumbnailRoundel">
                    <!--ThumbnailRoundel --> 
                    </div>
                    <div class="promoBages">
                        <!-- PROMOTION -->
                    </div>


                    <!-- Review --><!-- BEGIN CatalogEntryRatingsReviewsInfo.jspf --><!-- productAllowedRatingsAndReviews: true -->
<div class="reviews">

    <a class="numberOfReviews" href="https://www.sainsburys.co.uk/shop/gb/groceries/product/details/walkers-sensations-thai-sweet-chilli-grab-bag-crisps-40g">
        <img src="//www.sainsburys.co.uk/wcsstore7.137.2/SainsburysStorefrontAssetStore/img/stars/rating-4_8.gif" alt="4.8378" border="0">&nbsp; 
        Reviews (37)
    </a>

</div>
<!-- END CatalogEntryRatingsReviewsInfo.jspf -->
                </div>
                <!--ThumbnailRestriction -->
            </div>
            
            <div class="addToTrolleytabBox">
            <!-- addToTrolleytabBox LIST VIEW--><!-- Start UserSubscribedOrNot.jspf --><!-- Start UserSubscribedOrNot.jsp --><!-- 
    If the user is not logged in, render this opening 
    DIV adding an addtional class to fix the border top which is removed 
    and replaced by the tabs
-->
<div class="addToTrolleytabContainer addItemBorderTop">
<!-- End AddToSubscriptionList.jsp --><!-- End AddSubscriptionList.jspf --><!-- 
                    ATTENTION!!!
                    <div class="addToTrolleytabContainer">
                    This opening div is inside "../../ReusableObjects/UserSubscribedOrNot.jsp"
                    -->
                <div class="pricingAndTrolleyOptions">  
                    <div class="priceTab activeContainer priceTabContainer" id="addItem_1547347"> 
                        <div class="pricing">
                            
<p class="pricePerUnit">
Â£1.00 
</p>

<p class="pricePerMeasure">Â£2.50<abbr title="per">/</abbr>100<abbr title="gram"><span class="pricePerMeasureMeasure">g</span></abbr>
</p>

                                
                        </div>  
                          
                                    <div class="addToTrolleyForm ">   
                                        <!-- BEGIN AddToTrolley.jsp --><!-- fire an on add to bag here from  -->

<form class="addToTrolleyForm" name="OrderItemAddForm_1547346" action="OrderItemAdd" method="post" id="OrderItemAddForm_1547346">
    <input type="hidden" name="storeId" value="10151">
    <input type="hidden" name="langId" value="44">
    <input type="hidden" name="catalogId" value="10241">
    <input type="hidden" name="authToken" id="authToken1547346" value="-1002%2C3jIiHU%2F3lFc4jalpGDAhYOztAdQ%3D">
    
    
    <input type="hidden" name="errorViewName" value="PromotionDisplayView">
    <input type="hidden" name="SKU_ID" value="8206306">
    <input type="hidden" name="itemType" value="">
    <input type="hidden" name="parentSKU" value="">
    
    
       <input type="hidden" id="productCatentryId_1547347" value="1547346">
       <input type="hidden" id="catEntryId_1547346" value="1547347">
       <input type="hidden" name="ItemSKU_ID" value="8206306">
     
        
        <div class="quantity hidden" id="updateQtyPanelProduct_1547346" data-qty="">
            <ul>
                <li>
                    <a class="button decreaseQty " id="decreaseQty_1547346" href="#">-</a> 
                </li>
                <li>	
                    <label class="access" for="quantity_1547346">Quantity</label>						
                    <a href="#" class="button quantityPlp  " id="quantityUpdate_1547346">
                        </a>
                    <input name="quantity" id="quantity_1547346" type="hidden" size="3" value="" class="quantity">		        
                </li>
                <li>
                    
                    <a class="button increaseQty " id="increaseQty_1547346" href="#">+</a>
                </li>
            </ul>
        </div>				
            
        
            <input type="hidden" name="catEntryId" value="1547347">
        

        <input type="hidden" name="productId" value="1547346">
        

    <input type="hidden" name="URL" value="https://www.sainsburys.co.uk/webapp/wcs/stores/servlet/PromotionDisplayView?listId=2&amp;catalogId=10241&amp;productId=1117540&amp;langId=44&amp;storeId=10151&amp;promotionId=10669742">
    <input type="hidden" name="page" value="">
    <input type="hidden" name="contractId" value="">
    <input type="hidden" name="calculateOrder" value="1">
    <input type="hidden" name="calculationUsage" value="-1,-2,-3">
    <input type="hidden" name="updateable" value="1">
    <input type="hidden" name="merge" value="***">

                                  
            <input type="hidden" id="updateUrl_1547346" updateurlchild_1547347="AjaxOrderItemUpdate?calculateOrder=1&amp;itemType=&amp;ordItemUpdateFlag=0&amp;orderId=.&amp;updatePrices=1&amp;authToken=-1002%252C3jIiHU%252F3lFc4jalpGDAhYOztAdQ%253D&amp;calculationUsage=-1,-2,-3&amp;storeId=10151&amp;errorViewName=AjaxQuickCartDisplay&amp;URL=AjaxQuickCartDisplay&amp;catEntryId=1547347&amp;orderItemId_0=&amp;UOM_0=&amp;langId=44&amp;quantity_0=1">
            <input type="hidden" id="removeUrl_1547346" removeurlchild_1547347="AjaxOrderItemUpdate?calculateOrder=1&amp;itemType=&amp;productId=&amp;ordItemUpdateFlag=2&amp;orderId=.&amp;updatePrices=1&amp;authToken=-1002%252C3jIiHU%252F3lFc4jalpGDAhYOztAdQ%253D&amp;calculationUsage=-1,-2,-3&amp;storeId=10151&amp;errorViewName=AjaxQuickCartDisplay&amp;URL=AjaxQuickCartDisplay&amp;catEntryId=1547347&amp;productSKU=&amp;orderItemId_0=&amp;qtyDecremented=true&amp;langId=44&amp;quantity_0=0">           
         
       <input type="hidden" name="callAjax" value="false">
       
    
    <div class="add2Cart " id="addQtyPanelProduct_1547346">    
        
            <a class="button process addQty  " id="addQty_1547346" href="#">
                Add
            </a>

            <input type="hidden" name="Add" value="Add">
        
    </div>

</form>
<!-- END AddToTrolley.jsp -->
                                    </div>  
                                
                    </div><!-- END priceTabContainer Add container --><!-- Subscribe container --><!-- Start AddToSubscriptionList.jspf --><!-- Start AddToSubscriptionList.jsp --><!-- End AddToSubscriptionList.jsp --><!-- End AddToSubscriptionList.jspf --> 
                </div>  
            </div>  
        </div>
    </div>     
    </div> 
    <div id="additionalItems_1547347" class="additionalItems">
        <!-- BEGIN MerchandisingAssociationsDisplay.jsp --><!-- Start - JSP File Name:  MerchandisingAssociationsDisplay.jsp --><!-- END MerchandisingAssociationsDisplay.jsp -->  
    </div> 

<!-- END CatalogEntryThumbnailDisplay.jsp -->
                            </li>
                        
                            <li>
                                
                                                <div class="trolleySummary"><p class="saving">
                                                         <!-- %@ include file="../../include/PromotionStrapline.jspf"% -->
                                                </p></div>
                                            
                                                <div class="trolleySummary"><p class="saving">
                                                         <!-- %@ include file="../../include/PromotionStrapline.jspf"% -->
                                                </p></div>
                                            
                                                <div class="trolleySummary"><p class="saving">
                                                         <!-- %@ include file="../../include/PromotionStrapline.jspf"% -->
                                                </p></div>
                                            <!-- BEGIN CatalogEntryThumbnailDisplay.jsp -->
    <div class="product ">
        
        <div class="errorBanner hidden" id="error1553250"></div>
                        
        
        <div class="productInner">
            <div class="productInfoWrapper">
                <div class="productInfo">
                    
                            <h3>
                                <a href="https://www.sainsburys.co.uk/shop/gb/groceries/product/details/doritos-tangy-cheese-tortilla-chips-grab-bag-crisps-48g">
                                    Doritos Tangy Cheese Tortilla Chips Grab Bag Crisps 48g
                                    <img src="https://assets.sainsburys-groceries.co.uk/gol/8210648/image.jpg" alt="">
                                </a>
                            </h3>
                        
<div class="promotion">

                        <p>
                            <a strapline="Meal Deal for Â£5.00 | 8210648" href="https://www.sainsburys.co.uk/shop/PromotionDisplayView?listId=2&amp;catalogId=10241&amp;productId=1553250&amp;langId=44&amp;storeId=10151&amp;promotionId=10664136"><!-- BEGIN include/PromotionStrapline.jspf -->Meal Deal for Â£5.00<br>

<!-- FINISH include/PromotionStrapline.jspf -->
                            </a>
                        </p>
                    
                        <p>
                            <a strapline="Meal Deal for Â£3.75 | 8210648" href="https://www.sainsburys.co.uk/shop/PromotionDisplayView?listId=2&amp;catalogId=10241&amp;productId=1553250&amp;langId=44&amp;storeId=10151&amp;promotionId=10669742">PLUS <!-- BEGIN include/PromotionStrapline.jspf -->Meal Deal for Â£3.75<br>

<!-- FINISH include/PromotionStrapline.jspf -->
                            </a>
                        </p>
                                
</div>

                    <div class="ThumbnailRoundel">
                    <!--ThumbnailRoundel --> 
                    </div>
                    <div class="promoBages">
                        <!-- PROMOTION -->
                    </div>


                    <!-- Review --><!-- BEGIN CatalogEntryRatingsReviewsInfo.jspf --><!-- productAllowedRatingsAndReviews: true -->
<div class="reviews">

    <a class="numberOfReviews" href="https://www.sainsburys.co.uk/shop/gb/groceries/product/details/doritos-tangy-cheese-tortilla-chips-grab-bag-crisps-48g">
        <img src="//www.sainsburys.co.uk/wcsstore7.137.2/SainsburysStorefrontAssetStore/img/stars/rating-4_9.gif" alt="4.9062" border="0">&nbsp; 
        Reviews (32)
    </a>

</div>
<!-- END CatalogEntryRatingsReviewsInfo.jspf -->
                </div>
                <!--ThumbnailRestriction -->
            </div>
            
            <div class="addToTrolleytabBox">
            <!-- addToTrolleytabBox LIST VIEW--><!-- Start UserSubscribedOrNot.jspf --><!-- Start UserSubscribedOrNot.jsp --><!-- 
    If the user is not logged in, render this opening 
    DIV adding an addtional class to fix the border top which is removed 
    and replaced by the tabs
-->
<div class="addToTrolleytabContainer addItemBorderTop">
<!-- End AddToSubscriptionList.jsp --><!-- End AddSubscriptionList.jspf --><!-- 
                    ATTENTION!!!
                    <div class="addToTrolleytabContainer">
                    This opening div is inside "../../ReusableObjects/UserSubscribedOrNot.jsp"
                    -->
                <div class="pricingAndTrolleyOptions">  
                    <div class="priceTab activeContainer priceTabContainer" id="addItem_1553251"> 
                        <div class="pricing">
                            
<p class="pricePerUnit">
Â£1.00 
</p>

<p class="pricePerMeasure">Â£2.08<abbr title="per">/</abbr>100<abbr title="gram"><span class="pricePerMeasureMeasure">g</span></abbr>
</p>

                                
                        </div>  
                          
                                    <div class="addToTrolleyForm ">   
                                        <!-- BEGIN AddToTrolley.jsp --><!-- fire an on add to bag here from  -->

<form class="addToTrolleyForm" name="OrderItemAddForm_1553250" action="OrderItemAdd" method="post" id="OrderItemAddForm_1553250">
    <input type="hidden" name="storeId" value="10151">
    <input type="hidden" name="langId" value="44">
    <input type="hidden" name="catalogId" value="10241">
    <input type="hidden" name="authToken" id="authToken1553250" value="-1002%2C3jIiHU%2F3lFc4jalpGDAhYOztAdQ%3D">
    
    
    <input type="hidden" name="errorViewName" value="PromotionDisplayView">
    <input type="hidden" name="SKU_ID" value="8210648">
    <input type="hidden" name="itemType" value="">
    <input type="hidden" name="parentSKU" value="">
    
    
       <input type="hidden" id="productCatentryId_1553251" value="1553250">
       <input type="hidden" id="catEntryId_1553250" value="1553251">
       <input type="hidden" name="ItemSKU_ID" value="8210648">
     
        
        <div class="quantity hidden" id="updateQtyPanelProduct_1553250" data-qty="">
            <ul>
                <li>
                    <a class="button decreaseQty " id="decreaseQty_1553250" href="#">-</a> 
                </li>
                <li>	
                    <label class="access" for="quantity_1553250">Quantity</label>						
                    <a href="#" class="button quantityPlp  " id="quantityUpdate_1553250">
                        </a>
                    <input name="quantity" id="quantity_1553250" type="hidden" size="3" value="" class="quantity">		        
                </li>
                <li>
                    
                    <a class="button increaseQty " id="increaseQty_1553250" href="#">+</a>
                </li>
            </ul>
        </div>				
            
        
            <input type="hidden" name="catEntryId" value="1553251">
        

        <input type="hidden" name="productId" value="1553250">
        

    <input type="hidden" name="URL" value="https://www.sainsburys.co.uk/webapp/wcs/stores/servlet/PromotionDisplayView?listId=2&amp;catalogId=10241&amp;productId=1117540&amp;langId=44&amp;storeId=10151&amp;promotionId=10669742">
    <input type="hidden" name="page" value="">
    <input type="hidden" name="contractId" value="">
    <input type="hidden" name="calculateOrder" value="1">
    <input type="hidden" name="calculationUsage" value="-1,-2,-3">
    <input type="hidden" name="updateable" value="1">
    <input type="hidden" name="merge" value="***">

                                  
            <input type="hidden" id="updateUrl_1553250" updateurlchild_1553251="AjaxOrderItemUpdate?calculateOrder=1&amp;itemType=&amp;ordItemUpdateFlag=0&amp;orderId=.&amp;updatePrices=1&amp;authToken=-1002%252C3jIiHU%252F3lFc4jalpGDAhYOztAdQ%253D&amp;calculationUsage=-1,-2,-3&amp;storeId=10151&amp;errorViewName=AjaxQuickCartDisplay&amp;URL=AjaxQuickCartDisplay&amp;catEntryId=1553251&amp;orderItemId_0=&amp;UOM_0=&amp;langId=44&amp;quantity_0=1">
            <input type="hidden" id="removeUrl_1553250" removeurlchild_1553251="AjaxOrderItemUpdate?calculateOrder=1&amp;itemType=&amp;productId=&amp;ordItemUpdateFlag=2&amp;orderId=.&amp;updatePrices=1&amp;authToken=-1002%252C3jIiHU%252F3lFc4jalpGDAhYOztAdQ%253D&amp;calculationUsage=-1,-2,-3&amp;storeId=10151&amp;errorViewName=AjaxQuickCartDisplay&amp;URL=AjaxQuickCartDisplay&amp;catEntryId=1553251&amp;productSKU=&amp;orderItemId_0=&amp;qtyDecremented=true&amp;langId=44&amp;quantity_0=0">           
         
       <input type="hidden" name="callAjax" value="false">
       
    
    <div class="add2Cart " id="addQtyPanelProduct_1553250">    
        
            <a class="button process addQty  " id="addQty_1553250" href="#">
                Add
            </a>

            <input type="hidden" name="Add" value="Add">
        
    </div>

</form>
<!-- END AddToTrolley.jsp -->
                                    </div>  
                                
                    </div><!-- END priceTabContainer Add container --><!-- Subscribe container --><!-- Start AddToSubscriptionList.jspf --><!-- Start AddToSubscriptionList.jsp --><!-- End AddToSubscriptionList.jsp --><!-- End AddToSubscriptionList.jspf --> 
                </div>  
            </div>  
        </div>
    </div>     
    </div> 
    <div id="additionalItems_1553251" class="additionalItems">
        <!-- BEGIN MerchandisingAssociationsDisplay.jsp --><!-- Start - JSP File Name:  MerchandisingAssociationsDisplay.jsp --><!-- END MerchandisingAssociationsDisplay.jsp -->  
    </div> 

<!-- END CatalogEntryThumbnailDisplay.jsp -->
                            </li>
                        
                            <li>
                                
                                                <div class="trolleySummary"><p class="saving">
                                                         <!-- %@ include file="../../include/PromotionStrapline.jspf"% -->
                                                </p></div>
                                            
                                                <div class="trolleySummary"><p class="saving">
                                                         <!-- %@ include file="../../include/PromotionStrapline.jspf"% -->
                                                </p></div>
                                            
                                                <div class="trolleySummary"><p class="saving">
                                                         <!-- %@ include file="../../include/PromotionStrapline.jspf"% -->
                                                </p></div>
                                            <!-- BEGIN CatalogEntryThumbnailDisplay.jsp -->
    <div class="product ">
        
        <div class="errorBanner hidden" id="error1529520"></div>
                        
        
        <div class="productInner">
            <div class="productInfoWrapper">
                <div class="productInfo">
                    
                            <h3>
                                <a href="https://www.sainsburys.co.uk/shop/gb/groceries/product/details/grenade-oreo-35g">
                                    Grenade Oreo Protein Bar 35g
                                    <img src="https://assets.sainsburys-groceries.co.uk/gol/8191367/image.jpg" alt="">
                                </a>
                            </h3>
                        
<div class="promotion">

                        <p>
                            <a strapline="Meal Deal for Â£5.00 | 8191367" href="https://www.sainsburys.co.uk/shop/PromotionDisplayView?listId=2&amp;catalogId=10241&amp;productId=1529520&amp;langId=44&amp;storeId=10151&amp;promotionId=10664136"><!-- BEGIN include/PromotionStrapline.jspf -->Meal Deal for Â£5.00<br>

<!-- FINISH include/PromotionStrapline.jspf -->
                            </a>
                        </p>
                    
                        <p>
                            <a strapline="Meal Deal for Â£3.75 | 8191367" href="https://www.sainsburys.co.uk/shop/PromotionDisplayView?listId=2&amp;catalogId=10241&amp;productId=1529520&amp;langId=44&amp;storeId=10151&amp;promotionId=10669742">PLUS <!-- BEGIN include/PromotionStrapline.jspf -->Meal Deal for Â£3.75<br>

<!-- FINISH include/PromotionStrapline.jspf -->
                            </a>
                        </p>
                                
</div>

                    <div class="ThumbnailRoundel">
                    <!--ThumbnailRoundel --> 
                    </div>
                    <div class="promoBages">
                        <!-- PROMOTION -->
                    </div>


                    <!-- Review --><!-- BEGIN CatalogEntryRatingsReviewsInfo.jspf --><!-- productAllowedRatingsAndReviews: true -->
<div class="reviews">

    <a class="numberOfReviews" href="https://www.sainsburys.co.uk/shop/gb/groceries/product/details/grenade-oreo-35g">
        <img src="//www.sainsburys.co.uk/wcsstore7.137.2/SainsburysStorefrontAssetStore/img/stars/rating-4_7.gif" alt="4.6667" border="0">&nbsp; 
        Reviews (3)
    </a>

</div>
<!-- END CatalogEntryRatingsReviewsInfo.jspf -->
                </div>
                <!--ThumbnailRestriction -->
            </div>
            
            <div class="addToTrolleytabBox">
            <!-- addToTrolleytabBox LIST VIEW--><!-- Start UserSubscribedOrNot.jspf --><!-- Start UserSubscribedOrNot.jsp --><!-- 
    If the user is not logged in, render this opening 
    DIV adding an addtional class to fix the border top which is removed 
    and replaced by the tabs
-->
<div class="addToTrolleytabContainer addItemBorderTop">
<!-- End AddToSubscriptionList.jsp --><!-- End AddSubscriptionList.jspf --><!-- 
                    ATTENTION!!!
                    <div class="addToTrolleytabContainer">
                    This opening div is inside "../../ReusableObjects/UserSubscribedOrNot.jsp"
                    -->
                <div class="pricingAndTrolleyOptions">  
                    <div class="priceTab activeContainer priceTabContainer" id="addItem_1529521"> 
                        <div class="pricing">
                            
<p class="pricePerUnit">
Â£2.15 
</p>

<p class="pricePerMeasure">Â£6.14<abbr title="per">/</abbr>100<abbr title="gram"><span class="pricePerMeasureMeasure">g</span></abbr>
</p>

                                
                        </div>  
                          
                                    <div class="addToTrolleyForm ">   
                                        <!-- BEGIN AddToTrolley.jsp --><!-- fire an on add to bag here from  -->

<form class="addToTrolleyForm" name="OrderItemAddForm_1529520" action="OrderItemAdd" method="post" id="OrderItemAddForm_1529520">
    <input type="hidden" name="storeId" value="10151">
    <input type="hidden" name="langId" value="44">
    <input type="hidden" name="catalogId" value="10241">
    <input type="hidden" name="authToken" id="authToken1529520" value="-1002%2C3jIiHU%2F3lFc4jalpGDAhYOztAdQ%3D">
    
    
    <input type="hidden" name="errorViewName" value="PromotionDisplayView">
    <input type="hidden" name="SKU_ID" value="8191367">
    <input type="hidden" name="itemType" value="">
    <input type="hidden" name="parentSKU" value="">
    
    
       <input type="hidden" id="productCatentryId_1529521" value="1529520">
       <input type="hidden" id="catEntryId_1529520" value="1529521">
       <input type="hidden" name="ItemSKU_ID" value="8191367">
     
        
        <div class="quantity hidden" id="updateQtyPanelProduct_1529520" data-qty="">
            <ul>
                <li>
                    <a class="button decreaseQty " id="decreaseQty_1529520" href="#">-</a> 
                </li>
                <li>	
                    <label class="access" for="quantity_1529520">Quantity</label>						
                    <a href="#" class="button quantityPlp  " id="quantityUpdate_1529520">
                        </a>
                    <input name="quantity" id="quantity_1529520" type="hidden" size="3" value="" class="quantity">		        
                </li>
                <li>
                    
                    <a class="button increaseQty " id="increaseQty_1529520" href="#">+</a>
                </li>
            </ul>
        </div>				
            
        
            <input type="hidden" name="catEntryId" value="1529521">
        

        <input type="hidden" name="productId" value="1529520">
        

    <input type="hidden" name="URL" value="https://www.sainsburys.co.uk/webapp/wcs/stores/servlet/PromotionDisplayView?listId=2&amp;catalogId=10241&amp;productId=1117540&amp;langId=44&amp;storeId=10151&amp;promotionId=10669742">
    <input type="hidden" name="page" value="">
    <input type="hidden" name="contractId" value="">
    <input type="hidden" name="calculateOrder" value="1">
    <input type="hidden" name="calculationUsage" value="-1,-2,-3">
    <input type="hidden" name="updateable" value="1">
    <input type="hidden" name="merge" value="***">

                                  
            <input type="hidden" id="updateUrl_1529520" updateurlchild_1529521="AjaxOrderItemUpdate?calculateOrder=1&amp;itemType=&amp;ordItemUpdateFlag=0&amp;orderId=.&amp;updatePrices=1&amp;authToken=-1002%252C3jIiHU%252F3lFc4jalpGDAhYOztAdQ%253D&amp;calculationUsage=-1,-2,-3&amp;storeId=10151&amp;errorViewName=AjaxQuickCartDisplay&amp;URL=AjaxQuickCartDisplay&amp;catEntryId=1529521&amp;orderItemId_0=&amp;UOM_0=&amp;langId=44&amp;quantity_0=1">
            <input type="hidden" id="removeUrl_1529520" removeurlchild_1529521="AjaxOrderItemUpdate?calculateOrder=1&amp;itemType=&amp;productId=&amp;ordItemUpdateFlag=2&amp;orderId=.&amp;updatePrices=1&amp;authToken=-1002%252C3jIiHU%252F3lFc4jalpGDAhYOztAdQ%253D&amp;calculationUsage=-1,-2,-3&amp;storeId=10151&amp;errorViewName=AjaxQuickCartDisplay&amp;URL=AjaxQuickCartDisplay&amp;catEntryId=1529521&amp;productSKU=&amp;orderItemId_0=&amp;qtyDecremented=true&amp;langId=44&amp;quantity_0=0">           
         
       <input type="hidden" name="callAjax" value="false">
       
    
    <div class="add2Cart " id="addQtyPanelProduct_1529520">    
        
            <a class="button process addQty  " id="addQty_1529520" href="#">
                Add
            </a>

            <input type="hidden" name="Add" value="Add">
        
    </div>

</form>
<!-- END AddToTrolley.jsp -->
                                    </div>  
                                
                    </div><!-- END priceTabContainer Add container --><!-- Subscribe container --><!-- Start AddToSubscriptionList.jspf --><!-- Start AddToSubscriptionList.jsp --><!-- End AddToSubscriptionList.jsp --><!-- End AddToSubscriptionList.jspf --> 
                </div>  
            </div>  
        </div>
    </div>     
    </div> 
    <div id="additionalItems_1529521" class="additionalItems">
        <!-- BEGIN MerchandisingAssociationsDisplay.jsp --><!-- Start - JSP File Name:  MerchandisingAssociationsDisplay.jsp --><!-- END MerchandisingAssociationsDisplay.jsp -->  
    </div> 

<!-- END CatalogEntryThumbnailDisplay.jsp -->
                            </li>
                        
                            <li>
                                
                                                <div class="trolleySummary"><p class="saving">
                                                         <!-- %@ include file="../../include/PromotionStrapline.jspf"% -->
                                                </p></div>
                                            
                                                <div class="trolleySummary"><p class="saving">
                                                         <!-- %@ include file="../../include/PromotionStrapline.jspf"% -->
                                                </p></div>
                                            
                                                <div class="trolleySummary"><p class="saving">
                                                         <!-- %@ include file="../../include/PromotionStrapline.jspf"% -->
                                                </p></div>
                                            <!-- BEGIN CatalogEntryThumbnailDisplay.jsp -->
    <div class="product ">
        
        <div class="errorBanner hidden" id="error1528362"></div>
                        
        
        <div class="productInner">
            <div class="productInfoWrapper">
                <div class="productInfo">
                    
                            <h3>
                                <a href="https://www.sainsburys.co.uk/shop/gb/groceries/product/details/eat-natural-protein-peanuts-dark-chocolate-fruit-nut-bars-40g">
                                    Eat Natural Protein Peanuts Dark Chocolate Fruit &amp; Nut Bars 40g
                                    <img src="https://assets.sainsburys-groceries.co.uk/gol/8190947/image.jpg" alt="">
                                </a>
                            </h3>
                        
<div class="promotion">

                        <p>
                            <a strapline="Meal Deal for Â£5.00 | 8190947" href="https://www.sainsburys.co.uk/shop/PromotionDisplayView?listId=2&amp;catalogId=10241&amp;productId=1528362&amp;langId=44&amp;storeId=10151&amp;promotionId=10664136"><!-- BEGIN include/PromotionStrapline.jspf -->Meal Deal for Â£5.00<br>

<!-- FINISH include/PromotionStrapline.jspf -->
                            </a>
                        </p>
                    
                        <p>
                            <a strapline="Meal Deal for Â£3.75 | 8190947" href="https://www.sainsburys.co.uk/shop/PromotionDisplayView?listId=2&amp;catalogId=10241&amp;productId=1528362&amp;langId=44&amp;storeId=10151&amp;promotionId=10669742">PLUS <!-- BEGIN include/PromotionStrapline.jspf -->Meal Deal for Â£3.75<br>

<!-- FINISH include/PromotionStrapline.jspf -->
                            </a>
                        </p>
                                
</div>

                    <div class="ThumbnailRoundel">
                    <!--ThumbnailRoundel --> 
                    </div>
                    <div class="promoBages">
                        <!-- PROMOTION -->
                    </div>


                    <!-- Review --><!-- BEGIN CatalogEntryRatingsReviewsInfo.jspf --><!-- productAllowedRatingsAndReviews: true -->
<div class="reviews">

    <a class="numberOfReviews" href="https://www.sainsburys.co.uk/shop/gb/groceries/product/details/eat-natural-protein-peanuts-dark-chocolate-fruit-nut-bars-40g">
        <img src="//www.sainsburys.co.uk/wcsstore7.137.2/SainsburysStorefrontAssetStore/img/stars/rating-4_7.gif" alt="4.6667" border="0">&nbsp; 
        Reviews (78)
    </a>

</div>
<!-- END CatalogEntryRatingsReviewsInfo.jspf -->
                </div>
                <!--ThumbnailRestriction -->
            </div>
            
            <div class="addToTrolleytabBox">
            <!-- addToTrolleytabBox LIST VIEW--><!-- Start UserSubscribedOrNot.jspf --><!-- Start UserSubscribedOrNot.jsp --><!-- 
    If the user is not logged in, render this opening 
    DIV adding an addtional class to fix the border top which is removed 
    and replaced by the tabs
-->
<div class="addToTrolleytabContainer addItemBorderTop">
<!-- End AddToSubscriptionList.jsp --><!-- End AddSubscriptionList.jspf --><!-- 
                    ATTENTION!!!
                    <div class="addToTrolleytabContainer">
                    This opening div is inside "../../ReusableObjects/UserSubscribedOrNot.jsp"
                    -->
                <div class="pricingAndTrolleyOptions">  
                    <div class="priceTab activeContainer priceTabContainer" id="addItem_1528363"> 
                        <div class="pricing">
                            
<p class="pricePerUnit">
Â£1.25 
</p>

<p class="pricePerMeasure">Â£3.13<abbr title="per">/</abbr>100<abbr title="gram"><span class="pricePerMeasureMeasure">g</span></abbr>
</p>

                                
                        </div>  
                          
                                    <div class="addToTrolleyForm ">   
                                        <!-- BEGIN AddToTrolley.jsp --><!-- fire an on add to bag here from  -->

<form class="addToTrolleyForm" name="OrderItemAddForm_1528362" action="OrderItemAdd" method="post" id="OrderItemAddForm_1528362">
    <input type="hidden" name="storeId" value="10151">
    <input type="hidden" name="langId" value="44">
    <input type="hidden" name="catalogId" value="10241">
    <input type="hidden" name="authToken" id="authToken1528362" value="-1002%2C3jIiHU%2F3lFc4jalpGDAhYOztAdQ%3D">
    
    
    <input type="hidden" name="errorViewName" value="PromotionDisplayView">
    <input type="hidden" name="SKU_ID" value="8190947">
    <input type="hidden" name="itemType" value="">
    <input type="hidden" name="parentSKU" value="">
    
    
       <input type="hidden" id="productCatentryId_1528363" value="1528362">
       <input type="hidden" id="catEntryId_1528362" value="1528363">
       <input type="hidden" name="ItemSKU_ID" value="8190947">
     
        
        <div class="quantity hidden" id="updateQtyPanelProduct_1528362" data-qty="">
            <ul>
                <li>
                    <a class="button decreaseQty " id="decreaseQty_1528362" href="#">-</a> 
                </li>
                <li>	
                    <label class="access" for="quantity_1528362">Quantity</label>						
                    <a href="#" class="button quantityPlp  " id="quantityUpdate_1528362">
                        </a>
                    <input name="quantity" id="quantity_1528362" type="hidden" size="3" value="" class="quantity">		        
                </li>
                <li>
                    
                    <a class="button increaseQty " id="increaseQty_1528362" href="#">+</a>
                </li>
            </ul>
        </div>				
            
        
            <input type="hidden" name="catEntryId" value="1528363">
        

        <input type="hidden" name="productId" value="1528362">
        

    <input type="hidden" name="URL" value="https://www.sainsburys.co.uk/webapp/wcs/stores/servlet/PromotionDisplayView?listId=2&amp;catalogId=10241&amp;productId=1117540&amp;langId=44&amp;storeId=10151&amp;promotionId=10669742">
    <input type="hidden" name="page" value="">
    <input type="hidden" name="contractId" value="">
    <input type="hidden" name="calculateOrder" value="1">
    <input type="hidden" name="calculationUsage" value="-1,-2,-3">
    <input type="hidden" name="updateable" value="1">
    <input type="hidden" name="merge" value="***">

                                  
            <input type="hidden" id="updateUrl_1528362" updateurlchild_1528363="AjaxOrderItemUpdate?calculateOrder=1&amp;itemType=&amp;ordItemUpdateFlag=0&amp;orderId=.&amp;updatePrices=1&amp;authToken=-1002%252C3jIiHU%252F3lFc4jalpGDAhYOztAdQ%253D&amp;calculationUsage=-1,-2,-3&amp;storeId=10151&amp;errorViewName=AjaxQuickCartDisplay&amp;URL=AjaxQuickCartDisplay&amp;catEntryId=1528363&amp;orderItemId_0=&amp;UOM_0=&amp;langId=44&amp;quantity_0=1">
            <input type="hidden" id="removeUrl_1528362" removeurlchild_1528363="AjaxOrderItemUpdate?calculateOrder=1&amp;itemType=&amp;productId=&amp;ordItemUpdateFlag=2&amp;orderId=.&amp;updatePrices=1&amp;authToken=-1002%252C3jIiHU%252F3lFc4jalpGDAhYOztAdQ%253D&amp;calculationUsage=-1,-2,-3&amp;storeId=10151&amp;errorViewName=AjaxQuickCartDisplay&amp;URL=AjaxQuickCartDisplay&amp;catEntryId=1528363&amp;productSKU=&amp;orderItemId_0=&amp;qtyDecremented=true&amp;langId=44&amp;quantity_0=0">           
         
       <input type="hidden" name="callAjax" value="false">
       
    
    <div class="add2Cart " id="addQtyPanelProduct_1528362">    
        
            <a class="button process addQty  " id="addQty_1528362" href="#">
                Add
            </a>

            <input type="hidden" name="Add" value="Add">
        
    </div>

</form>
<!-- END AddToTrolley.jsp -->
                                    </div>  
                                
                    </div><!-- END priceTabContainer Add container --><!-- Subscribe container --><!-- Start AddToSubscriptionList.jspf --><!-- Start AddToSubscriptionList.jsp --><!-- End AddToSubscriptionList.jsp --><!-- End AddToSubscriptionList.jspf --> 
                </div>  
            </div>  
        </div>
    </div>     
    </div> 
    <div id="additionalItems_1528363" class="additionalItems">
        <!-- BEGIN MerchandisingAssociationsDisplay.jsp --><!-- Start - JSP File Name:  MerchandisingAssociationsDisplay.jsp --><!-- END MerchandisingAssociationsDisplay.jsp -->  
    </div> 

<!-- END CatalogEntryThumbnailDisplay.jsp -->
                            </li>
                        
                            <li>
                                
                                                <div class="trolleySummary"><p class="saving">
                                                         <!-- %@ include file="../../include/PromotionStrapline.jspf"% -->
                                                </p></div>
                                            
                                                <div class="trolleySummary"><p class="saving">
                                                         <!-- %@ include file="../../include/PromotionStrapline.jspf"% -->
                                                </p></div>
                                            
                                                <div class="trolleySummary"><p class="saving">
                                                         <!-- %@ include file="../../include/PromotionStrapline.jspf"% -->
                                                </p></div>
                                            <!-- BEGIN CatalogEntryThumbnailDisplay.jsp -->
    <div class="product ">
        
        <div class="errorBanner hidden" id="error1547340"></div>
                        
        
        <div class="productInner">
            <div class="productInfoWrapper">
                <div class="productInfo">
                    
                            <h3>
                                <a href="https://www.sainsburys.co.uk/shop/gb/groceries/product/details/doritos-cool-original-tortilla-chips-grab-bag-crisps-48g">
                                    Doritos Cool Original Tortilla Chips Grab Bag Crisps 48g
                                    <img src="https://assets.sainsburys-groceries.co.uk/gol/8206300/image.jpg" alt="">
                                </a>
                            </h3>
                        
<div class="promotion">

                        <p>
                            <a strapline="Meal Deal for Â£5.00 | 8206300" href="https://www.sainsburys.co.uk/shop/PromotionDisplayView?listId=2&amp;catalogId=10241&amp;productId=1547340&amp;langId=44&amp;storeId=10151&amp;promotionId=10664136"><!-- BEGIN include/PromotionStrapline.jspf -->Meal Deal for Â£5.00<br>

<!-- FINISH include/PromotionStrapline.jspf -->
                            </a>
                        </p>
                    
                        <p>
                            <a strapline="Meal Deal for Â£3.75 | 8206300" href="https://www.sainsburys.co.uk/shop/PromotionDisplayView?listId=2&amp;catalogId=10241&amp;productId=1547340&amp;langId=44&amp;storeId=10151&amp;promotionId=10669742">PLUS <!-- BEGIN include/PromotionStrapline.jspf -->Meal Deal for Â£3.75<br>

<!-- FINISH include/PromotionStrapline.jspf -->
                            </a>
                        </p>
                                
</div>

                    <div class="ThumbnailRoundel">
                    <!--ThumbnailRoundel --> 
                    </div>
                    <div class="promoBages">
                        <!-- PROMOTION -->
                    </div>


                    <!-- Review --><!-- BEGIN CatalogEntryRatingsReviewsInfo.jspf --><!-- productAllowedRatingsAndReviews: true -->
<div class="reviews">

    <a class="numberOfReviews" href="https://www.sainsburys.co.uk/shop/gb/groceries/product/details/doritos-cool-original-tortilla-chips-grab-bag-crisps-48g">
        <img src="//www.sainsburys.co.uk/wcsstore7.137.2/SainsburysStorefrontAssetStore/img/stars/rating-4_8.gif" alt="4.775" border="0">&nbsp; 
        Reviews (40)
    </a>

</div>
<!-- END CatalogEntryRatingsReviewsInfo.jspf -->
                </div>
                <!--ThumbnailRestriction -->
            </div>
            
            <div class="addToTrolleytabBox">
            <!-- addToTrolleytabBox LIST VIEW--><!-- Start UserSubscribedOrNot.jspf --><!-- Start UserSubscribedOrNot.jsp --><!-- 
    If the user is not logged in, render this opening 
    DIV adding an addtional class to fix the border top which is removed 
    and replaced by the tabs
-->
<div class="addToTrolleytabContainer addItemBorderTop">
<!-- End AddToSubscriptionList.jsp --><!-- End AddSubscriptionList.jspf --><!-- 
                    ATTENTION!!!
                    <div class="addToTrolleytabContainer">
                    This opening div is inside "../../ReusableObjects/UserSubscribedOrNot.jsp"
                    -->
                <div class="pricingAndTrolleyOptions">  
                    <div class="priceTab activeContainer priceTabContainer" id="addItem_1547341"> 
                        <div class="pricing">
                            
<p class="pricePerUnit">
Â£1.00 
</p>

<p class="pricePerMeasure">Â£2.08<abbr title="per">/</abbr>100<abbr title="gram"><span class="pricePerMeasureMeasure">g</span></abbr>
</p>

                                
                        </div>  
                          
                                    <div class="addToTrolleyForm ">   
                                        <!-- BEGIN AddToTrolley.jsp --><!-- fire an on add to bag here from  -->

<form class="addToTrolleyForm" name="OrderItemAddForm_1547340" action="OrderItemAdd" method="post" id="OrderItemAddForm_1547340">
    <input type="hidden" name="storeId" value="10151">
    <input type="hidden" name="langId" value="44">
    <input type="hidden" name="catalogId" value="10241">
    <input type="hidden" name="authToken" id="authToken1547340" value="-1002%2C3jIiHU%2F3lFc4jalpGDAhYOztAdQ%3D">
    
    
    <input type="hidden" name="errorViewName" value="PromotionDisplayView">
    <input type="hidden" name="SKU_ID" value="8206300">
    <input type="hidden" name="itemType" value="">
    <input type="hidden" name="parentSKU" value="">
    
    
       <input type="hidden" id="productCatentryId_1547341" value="1547340">
       <input type="hidden" id="catEntryId_1547340" value="1547341">
       <input type="hidden" name="ItemSKU_ID" value="8206300">
     
        
        <div class="quantity hidden" id="updateQtyPanelProduct_1547340" data-qty="">
            <ul>
                <li>
                    <a class="button decreaseQty " id="decreaseQty_1547340" href="#">-</a> 
                </li>
                <li>	
                    <label class="access" for="quantity_1547340">Quantity</label>						
                    <a href="#" class="button quantityPlp  " id="quantityUpdate_1547340">
                        </a>
                    <input name="quantity" id="quantity_1547340" type="hidden" size="3" value="" class="quantity">		        
                </li>
                <li>
                    
                    <a class="button increaseQty " id="increaseQty_1547340" href="#">+</a>
                </li>
            </ul>
        </div>				
            
        
            <input type="hidden" name="catEntryId" value="1547341">
        

        <input type="hidden" name="productId" value="1547340">
        

    <input type="hidden" name="URL" value="https://www.sainsburys.co.uk/webapp/wcs/stores/servlet/PromotionDisplayView?listId=2&amp;catalogId=10241&amp;productId=1117540&amp;langId=44&amp;storeId=10151&amp;promotionId=10669742">
    <input type="hidden" name="page" value="">
    <input type="hidden" name="contractId" value="">
    <input type="hidden" name="calculateOrder" value="1">
    <input type="hidden" name="calculationUsage" value="-1,-2,-3">
    <input type="hidden" name="updateable" value="1">
    <input type="hidden" name="merge" value="***">

                                  
            <input type="hidden" id="updateUrl_1547340" updateurlchild_1547341="AjaxOrderItemUpdate?calculateOrder=1&amp;itemType=&amp;ordItemUpdateFlag=0&amp;orderId=.&amp;updatePrices=1&amp;authToken=-1002%252C3jIiHU%252F3lFc4jalpGDAhYOztAdQ%253D&amp;calculationUsage=-1,-2,-3&amp;storeId=10151&amp;errorViewName=AjaxQuickCartDisplay&amp;URL=AjaxQuickCartDisplay&amp;catEntryId=1547341&amp;orderItemId_0=&amp;UOM_0=&amp;langId=44&amp;quantity_0=1">
            <input type="hidden" id="removeUrl_1547340" removeurlchild_1547341="AjaxOrderItemUpdate?calculateOrder=1&amp;itemType=&amp;productId=&amp;ordItemUpdateFlag=2&amp;orderId=.&amp;updatePrices=1&amp;authToken=-1002%252C3jIiHU%252F3lFc4jalpGDAhYOztAdQ%253D&amp;calculationUsage=-1,-2,-3&amp;storeId=10151&amp;errorViewName=AjaxQuickCartDisplay&amp;URL=AjaxQuickCartDisplay&amp;catEntryId=1547341&amp;productSKU=&amp;orderItemId_0=&amp;qtyDecremented=true&amp;langId=44&amp;quantity_0=0">           
         
       <input type="hidden" name="callAjax" value="false">
       
    
    <div class="add2Cart " id="addQtyPanelProduct_1547340">    
        
            <a class="button process addQty  " id="addQty_1547340" href="#">
                Add
            </a>

            <input type="hidden" name="Add" value="Add">
        
    </div>

</form>
<!-- END AddToTrolley.jsp -->
                                    </div>  
                                
                    </div><!-- END priceTabContainer Add container --><!-- Subscribe container --><!-- Start AddToSubscriptionList.jspf --><!-- Start AddToSubscriptionList.jsp --><!-- End AddToSubscriptionList.jsp --><!-- End AddToSubscriptionList.jspf --> 
                </div>  
            </div>  
        </div>
    </div>     
    </div> 
    <div id="additionalItems_1547341" class="additionalItems">
        <!-- BEGIN MerchandisingAssociationsDisplay.jsp --><!-- Start - JSP File Name:  MerchandisingAssociationsDisplay.jsp --><!-- END MerchandisingAssociationsDisplay.jsp -->  
    </div> 

<!-- END CatalogEntryThumbnailDisplay.jsp -->
                            </li>
                        
                            <li>
                                
                                                <div class="trolleySummary"><p class="saving">
                                                         <!-- %@ include file="../../include/PromotionStrapline.jspf"% -->
                                                </p></div>
                                            
                                                <div class="trolleySummary"><p class="saving">
                                                         <!-- %@ include file="../../include/PromotionStrapline.jspf"% -->
                                                </p></div>
                                            
                                                <div class="trolleySummary"><p class="saving">
                                                         <!-- %@ include file="../../include/PromotionStrapline.jspf"% -->
                                                </p></div>
                                            <!-- BEGIN CatalogEntryThumbnailDisplay.jsp -->
    <div class="product ">
        
        <div class="errorBanner hidden" id="error26656"></div>
                        
        
        <div class="productInner">
            <div class="productInfoWrapper">
                <div class="productInfo">
                    
                            <h3>
                                <a href="https://www.sainsburys.co.uk/shop/gb/groceries/product/details/kelloggs-rice-krispies--totally-chocolate-36g">
                                    Squares Chocolatey Rice Krispies 36g
                                    <img src="https://assets.sainsburys-groceries.co.uk/gol/7151808/image.jpg" alt="">
                                </a>
                            </h3>
                        
<div class="promotion">

                        <p>
                            <a strapline="Meal Deal for Â£5.00 | 7151808" href="https://www.sainsburys.co.uk/shop/PromotionDisplayView?listId=2&amp;catalogId=10241&amp;productId=26656&amp;langId=44&amp;storeId=10151&amp;promotionId=10664136"><!-- BEGIN include/PromotionStrapline.jspf -->Meal Deal for Â£5.00<br>

<!-- FINISH include/PromotionStrapline.jspf -->
                            </a>
                        </p>
                    
                        <p>
                            <a strapline="Meal Deal for Â£3.75 | 7151808" href="https://www.sainsburys.co.uk/shop/PromotionDisplayView?listId=2&amp;catalogId=10241&amp;productId=26656&amp;langId=44&amp;storeId=10151&amp;promotionId=10669742">PLUS <!-- BEGIN include/PromotionStrapline.jspf -->Meal Deal for Â£3.75<br>

<!-- FINISH include/PromotionStrapline.jspf -->
                            </a>
                        </p>
                                
</div>

                    <div class="ThumbnailRoundel">
                    <!--ThumbnailRoundel --> 
                    </div>
                    <div class="promoBages">
                        <!-- PROMOTION -->
                    </div>


                    <!-- Review --><!-- BEGIN CatalogEntryRatingsReviewsInfo.jspf --><!-- productAllowedRatingsAndReviews: true -->
<div class="reviews">

    <a class="numberOfReviews" href="https://www.sainsburys.co.uk/shop/gb/groceries/product/details/kelloggs-rice-krispies--totally-chocolate-36g">
        <img src="//www.sainsburys.co.uk/wcsstore7.137.2/SainsburysStorefrontAssetStore/img/stars/rating-5_0.gif" alt="5.0" border="0">&nbsp; 
        Reviews (1)
    </a>

</div>
<!-- END CatalogEntryRatingsReviewsInfo.jspf -->
                </div>
                <!--ThumbnailRestriction -->
            </div>
            
            <div class="addToTrolleytabBox">
            <!-- addToTrolleytabBox LIST VIEW--><!-- Start UserSubscribedOrNot.jspf --><!-- Start UserSubscribedOrNot.jsp --><!-- 
    If the user is not logged in, render this opening 
    DIV adding an addtional class to fix the border top which is removed 
    and replaced by the tabs
-->
<div class="addToTrolleytabContainer addItemBorderTop">
<!-- End AddToSubscriptionList.jsp --><!-- End AddSubscriptionList.jspf --><!-- 
                    ATTENTION!!!
                    <div class="addToTrolleytabContainer">
                    This opening div is inside "../../ReusableObjects/UserSubscribedOrNot.jsp"
                    -->
                <div class="pricingAndTrolleyOptions">  
                    <div class="priceTab activeContainer priceTabContainer" id="addItem_26657"> 
                        <div class="pricing">
                            
<p class="pricePerUnit">
95p 
</p>

<p class="pricePerMeasure">Â£2.64<abbr title="per">/</abbr>100<abbr title="gram"><span class="pricePerMeasureMeasure">g</span></abbr>
</p>

                                
                        </div>  
                          
                                    <div class="addToTrolleyForm ">   
                                        <!-- BEGIN AddToTrolley.jsp --><!-- fire an on add to bag here from  -->

<form class="addToTrolleyForm" name="OrderItemAddForm_26656" action="OrderItemAdd" method="post" id="OrderItemAddForm_26656">
    <input type="hidden" name="storeId" value="10151">
    <input type="hidden" name="langId" value="44">
    <input type="hidden" name="catalogId" value="10241">
    <input type="hidden" name="authToken" id="authToken26656" value="-1002%2C3jIiHU%2F3lFc4jalpGDAhYOztAdQ%3D">
    
    
    <input type="hidden" name="errorViewName" value="PromotionDisplayView">
    <input type="hidden" name="SKU_ID" value="7151808">
    <input type="hidden" name="itemType" value="">
    <input type="hidden" name="parentSKU" value="">
    
    
       <input type="hidden" id="productCatentryId_26657" value="26656">
       <input type="hidden" id="catEntryId_26656" value="26657">
       <input type="hidden" name="ItemSKU_ID" value="7151808">
     
        
        <div class="quantity hidden" id="updateQtyPanelProduct_26656" data-qty="">
            <ul>
                <li>
                    <a class="button decreaseQty " id="decreaseQty_26656" href="#">-</a> 
                </li>
                <li>	
                    <label class="access" for="quantity_26656">Quantity</label>						
                    <a href="#" class="button quantityPlp  " id="quantityUpdate_26656">
                        </a>
                    <input name="quantity" id="quantity_26656" type="hidden" size="3" value="" class="quantity">		        
                </li>
                <li>
                    
                    <a class="button increaseQty " id="increaseQty_26656" href="#">+</a>
                </li>
            </ul>
        </div>				
            
        
            <input type="hidden" name="catEntryId" value="26657">
        

        <input type="hidden" name="productId" value="26656">
        

    <input type="hidden" name="URL" value="https://www.sainsburys.co.uk/webapp/wcs/stores/servlet/PromotionDisplayView?listId=2&amp;catalogId=10241&amp;productId=1117540&amp;langId=44&amp;storeId=10151&amp;promotionId=10669742">
    <input type="hidden" name="page" value="">
    <input type="hidden" name="contractId" value="">
    <input type="hidden" name="calculateOrder" value="1">
    <input type="hidden" name="calculationUsage" value="-1,-2,-3">
    <input type="hidden" name="updateable" value="1">
    <input type="hidden" name="merge" value="***">

                                  
            <input type="hidden" id="updateUrl_26656" updateurlchild_26657="AjaxOrderItemUpdate?calculateOrder=1&amp;itemType=&amp;ordItemUpdateFlag=0&amp;orderId=.&amp;updatePrices=1&amp;authToken=-1002%252C3jIiHU%252F3lFc4jalpGDAhYOztAdQ%253D&amp;calculationUsage=-1,-2,-3&amp;storeId=10151&amp;errorViewName=AjaxQuickCartDisplay&amp;URL=AjaxQuickCartDisplay&amp;catEntryId=26657&amp;orderItemId_0=&amp;UOM_0=&amp;langId=44&amp;quantity_0=1">
            <input type="hidden" id="removeUrl_26656" removeurlchild_26657="AjaxOrderItemUpdate?calculateOrder=1&amp;itemType=&amp;productId=&amp;ordItemUpdateFlag=2&amp;orderId=.&amp;updatePrices=1&amp;authToken=-1002%252C3jIiHU%252F3lFc4jalpGDAhYOztAdQ%253D&amp;calculationUsage=-1,-2,-3&amp;storeId=10151&amp;errorViewName=AjaxQuickCartDisplay&amp;URL=AjaxQuickCartDisplay&amp;catEntryId=26657&amp;productSKU=&amp;orderItemId_0=&amp;qtyDecremented=true&amp;langId=44&amp;quantity_0=0">           
         
       <input type="hidden" name="callAjax" value="false">
       
    
    <div class="add2Cart " id="addQtyPanelProduct_26656">    
        
            <a class="button process addQty  " id="addQty_26656" href="#">
                Add
            </a>

            <input type="hidden" name="Add" value="Add">
        
    </div>

</form>
<!-- END AddToTrolley.jsp -->
                                    </div>  
                                
                    </div><!-- END priceTabContainer Add container --><!-- Subscribe container --><!-- Start AddToSubscriptionList.jspf --><!-- Start AddToSubscriptionList.jsp --><!-- End AddToSubscriptionList.jsp --><!-- End AddToSubscriptionList.jspf --> 
                </div>  
            </div>  
        </div>
    </div>     
    </div> 
    <div id="additionalItems_26657" class="additionalItems">
        <!-- BEGIN MerchandisingAssociationsDisplay.jsp --><!-- Start - JSP File Name:  MerchandisingAssociationsDisplay.jsp --><!-- END MerchandisingAssociationsDisplay.jsp -->  
    </div> 

<!-- END CatalogEntryThumbnailDisplay.jsp -->
                            </li>
                        
                            <li>
                                
                                                <div class="trolleySummary"><p class="saving">
                                                         <!-- %@ include file="../../include/PromotionStrapline.jspf"% -->
                                                </p></div>
                                            
                                                <div class="trolleySummary"><p class="saving">
                                                         <!-- %@ include file="../../include/PromotionStrapline.jspf"% -->
                                                </p></div>
                                            
                                                <div class="trolleySummary"><p class="saving">
                                                         <!-- %@ include file="../../include/PromotionStrapline.jspf"% -->
                                                </p></div>
                                            <!-- BEGIN CatalogEntryThumbnailDisplay.jsp -->
    <div class="product ">
        
        <div class="errorBanner hidden" id="error1547868"></div>
                        
        
        <div class="productInner">
            <div class="productInfoWrapper">
                <div class="productInfo">
                    
                            <h3>
                                <a href="https://www.sainsburys.co.uk/shop/gb/groceries/product/details/pipers-anglesey-sea-salt-crisps-40g">
                                    Pipers Anglesey Sea Salt Crisps 40g
                                    <img src="https://assets.sainsburys-groceries.co.uk/gol/8206780/image.jpg" alt="">
                                </a>
                            </h3>
                        
<div class="promotion">

                        <p>
                            <a strapline="Meal Deal for Â£5.00 | 8206780" href="https://www.sainsburys.co.uk/shop/PromotionDisplayView?listId=2&amp;catalogId=10241&amp;productId=1547868&amp;langId=44&amp;storeId=10151&amp;promotionId=10664136"><!-- BEGIN include/PromotionStrapline.jspf -->Meal Deal for Â£5.00<br>

<!-- FINISH include/PromotionStrapline.jspf -->
                            </a>
                        </p>
                    
                        <p>
                            <a strapline="Meal Deal for Â£3.75 | 8206780" href="https://www.sainsburys.co.uk/shop/PromotionDisplayView?listId=2&amp;catalogId=10241&amp;productId=1547868&amp;langId=44&amp;storeId=10151&amp;promotionId=10669742">PLUS <!-- BEGIN include/PromotionStrapline.jspf -->Meal Deal for Â£3.75<br>

<!-- FINISH include/PromotionStrapline.jspf -->
                            </a>
                        </p>
                                
</div>

                    <div class="ThumbnailRoundel">
                    <!--ThumbnailRoundel --> 
                    </div>
                    <div class="promoBages">
                        <!-- PROMOTION -->
                    </div>


                    <!-- Review --><!-- BEGIN CatalogEntryRatingsReviewsInfo.jspf --><!-- productAllowedRatingsAndReviews: true -->
<div class="reviews">

    <a class="numberOfReviews" href="https://www.sainsburys.co.uk/shop/gb/groceries/product/details/pipers-anglesey-sea-salt-crisps-40g">
        <img src="//www.sainsburys.co.uk/wcsstore7.137.2/SainsburysStorefrontAssetStore/img/stars/rating-4_6.gif" alt="4.5556" border="0">&nbsp; 
        Reviews (9)
    </a>

</div>
<!-- END CatalogEntryRatingsReviewsInfo.jspf -->
                </div>
                <!--ThumbnailRestriction -->
            </div>
            
            <div class="addToTrolleytabBox">
            <!-- addToTrolleytabBox LIST VIEW--><!-- Start UserSubscribedOrNot.jspf --><!-- Start UserSubscribedOrNot.jsp --><!-- 
    If the user is not logged in, render this opening 
    DIV adding an addtional class to fix the border top which is removed 
    and replaced by the tabs
-->
<div class="addToTrolleytabContainer addItemBorderTop">
<!-- End AddToSubscriptionList.jsp --><!-- End AddSubscriptionList.jspf --><!-- 
                    ATTENTION!!!
                    <div class="addToTrolleytabContainer">
                    This opening div is inside "../../ReusableObjects/UserSubscribedOrNot.jsp"
                    -->
                <div class="pricingAndTrolleyOptions">  
                    <div class="priceTab activeContainer priceTabContainer" id="addItem_1547869"> 
                        <div class="pricing">
                            
<p class="pricePerUnit">
Â£1.35 
</p>

<p class="pricePerMeasure">Â£3.38<abbr title="per">/</abbr>100<abbr title="gram"><span class="pricePerMeasureMeasure">g</span></abbr>
</p>

                                
                        </div>  
                          
                                    <div class="addToTrolleyForm ">   
                                        <!-- BEGIN AddToTrolley.jsp --><!-- fire an on add to bag here from  -->

<form class="addToTrolleyForm" name="OrderItemAddForm_1547868" action="OrderItemAdd" method="post" id="OrderItemAddForm_1547868">
    <input type="hidden" name="storeId" value="10151">
    <input type="hidden" name="langId" value="44">
    <input type="hidden" name="catalogId" value="10241">
    <input type="hidden" name="authToken" id="authToken1547868" value="-1002%2C3jIiHU%2F3lFc4jalpGDAhYOztAdQ%3D">
    
    
    <input type="hidden" name="errorViewName" value="PromotionDisplayView">
    <input type="hidden" name="SKU_ID" value="8206780">
    <input type="hidden" name="itemType" value="">
    <input type="hidden" name="parentSKU" value="">
    
    
       <input type="hidden" id="productCatentryId_1547869" value="1547868">
       <input type="hidden" id="catEntryId_1547868" value="1547869">
       <input type="hidden" name="ItemSKU_ID" value="8206780">
     
        
        <div class="quantity hidden" id="updateQtyPanelProduct_1547868" data-qty="">
            <ul>
                <li>
                    <a class="button decreaseQty " id="decreaseQty_1547868" href="#">-</a> 
                </li>
                <li>	
                    <label class="access" for="quantity_1547868">Quantity</label>						
                    <a href="#" class="button quantityPlp  " id="quantityUpdate_1547868">
                        </a>
                    <input name="quantity" id="quantity_1547868" type="hidden" size="3" value="" class="quantity">		        
                </li>
                <li>
                    
                    <a class="button increaseQty " id="increaseQty_1547868" href="#">+</a>
                </li>
            </ul>
        </div>				
            
        
            <input type="hidden" name="catEntryId" value="1547869">
        

        <input type="hidden" name="productId" value="1547868">
        

    <input type="hidden" name="URL" value="https://www.sainsburys.co.uk/webapp/wcs/stores/servlet/PromotionDisplayView?listId=2&amp;catalogId=10241&amp;productId=1117540&amp;langId=44&amp;storeId=10151&amp;promotionId=10669742">
    <input type="hidden" name="page" value="">
    <input type="hidden" name="contractId" value="">
    <input type="hidden" name="calculateOrder" value="1">
    <input type="hidden" name="calculationUsage" value="-1,-2,-3">
    <input type="hidden" name="updateable" value="1">
    <input type="hidden" name="merge" value="***">

                                  
            <input type="hidden" id="updateUrl_1547868" updateurlchild_1547869="AjaxOrderItemUpdate?calculateOrder=1&amp;itemType=&amp;ordItemUpdateFlag=0&amp;orderId=.&amp;updatePrices=1&amp;authToken=-1002%252C3jIiHU%252F3lFc4jalpGDAhYOztAdQ%253D&amp;calculationUsage=-1,-2,-3&amp;storeId=10151&amp;errorViewName=AjaxQuickCartDisplay&amp;URL=AjaxQuickCartDisplay&amp;catEntryId=1547869&amp;orderItemId_0=&amp;UOM_0=&amp;langId=44&amp;quantity_0=1">
            <input type="hidden" id="removeUrl_1547868" removeurlchild_1547869="AjaxOrderItemUpdate?calculateOrder=1&amp;itemType=&amp;productId=&amp;ordItemUpdateFlag=2&amp;orderId=.&amp;updatePrices=1&amp;authToken=-1002%252C3jIiHU%252F3lFc4jalpGDAhYOztAdQ%253D&amp;calculationUsage=-1,-2,-3&amp;storeId=10151&amp;errorViewName=AjaxQuickCartDisplay&amp;URL=AjaxQuickCartDisplay&amp;catEntryId=1547869&amp;productSKU=&amp;orderItemId_0=&amp;qtyDecremented=true&amp;langId=44&amp;quantity_0=0">           
         
       <input type="hidden" name="callAjax" value="false">
       
    
    <div class="add2Cart " id="addQtyPanelProduct_1547868">    
        
            <a class="button process addQty  " id="addQty_1547868" href="#">
                Add
            </a>

            <input type="hidden" name="Add" value="Add">
        
    </div>

</form>
<!-- END AddToTrolley.jsp -->
                                    </div>  
                                
                    </div><!-- END priceTabContainer Add container --><!-- Subscribe container --><!-- Start AddToSubscriptionList.jspf --><!-- Start AddToSubscriptionList.jsp --><!-- End AddToSubscriptionList.jsp --><!-- End AddToSubscriptionList.jspf --> 
                </div>  
            </div>  
        </div>
    </div>     
    </div> 
    <div id="additionalItems_1547869" class="additionalItems">
        <!-- BEGIN MerchandisingAssociationsDisplay.jsp --><!-- Start - JSP File Name:  MerchandisingAssociationsDisplay.jsp --><!-- END MerchandisingAssociationsDisplay.jsp -->  
    </div> 

<!-- END CatalogEntryThumbnailDisplay.jsp -->
                            </li>
                        
                            <li>
                                
                                                <div class="trolleySummary"><p class="saving">
                                                         <!-- %@ include file="../../include/PromotionStrapline.jspf"% -->
                                                </p></div>
                                            
                                                <div class="trolleySummary"><p class="saving">
                                                         <!-- %@ include file="../../include/PromotionStrapline.jspf"% -->
                                                </p></div>
                                            
                                                <div class="trolleySummary"><p class="saving">
                                                         <!-- %@ include file="../../include/PromotionStrapline.jspf"% -->
                                                </p></div>
                                            <!-- BEGIN CatalogEntryThumbnailDisplay.jsp -->
    <div class="product ">
        
        <div class="errorBanner hidden" id="error1527408"></div>
                        
        
        <div class="productInner">
            <div class="productInfoWrapper">
                <div class="productInfo">
                    
                            <h3>
                                <a href="https://www.sainsburys.co.uk/shop/gb/groceries/product/details/pick-up%21-original-28g">
                                    Pick Up! Original 28g
                                    <img src="https://assets.sainsburys-groceries.co.uk/gol/8190231/image.jpg" alt="">
                                </a>
                            </h3>
                        
<div class="promotion">

                        <p>
                            <a strapline="Meal Deal for Â£5.00 | 8190231" href="https://www.sainsburys.co.uk/shop/PromotionDisplayView?listId=2&amp;catalogId=10241&amp;productId=1527408&amp;langId=44&amp;storeId=10151&amp;promotionId=10664136"><!-- BEGIN include/PromotionStrapline.jspf -->Meal Deal for Â£5.00<br>

<!-- FINISH include/PromotionStrapline.jspf -->
                            </a>
                        </p>
                    
                        <p>
                            <a strapline="Meal Deal for Â£3.75 | 8190231" href="https://www.sainsburys.co.uk/shop/PromotionDisplayView?listId=2&amp;catalogId=10241&amp;productId=1527408&amp;langId=44&amp;storeId=10151&amp;promotionId=10669742">PLUS <!-- BEGIN include/PromotionStrapline.jspf -->Meal Deal for Â£3.75<br>

<!-- FINISH include/PromotionStrapline.jspf -->
                            </a>
                        </p>
                                
</div>

                    <div class="ThumbnailRoundel">
                    <!--ThumbnailRoundel --> 
                    </div>
                    <div class="promoBages">
                        <!-- PROMOTION -->
                    </div>


                    <!-- Review --><!-- BEGIN CatalogEntryRatingsReviewsInfo.jspf --><!-- productAllowedRatingsAndReviews: true -->
<div class="reviews">

    <a class="numberOfReviews" href="https://www.sainsburys.co.uk/shop/gb/groceries/product/details/pick-up%21-original-28g">
        <img src="//www.sainsburys.co.uk/wcsstore7.137.2/SainsburysStorefrontAssetStore/img/stars/rating-5_0.gif" alt="5.0" border="0">&nbsp; 
        Reviews (1)
    </a>

</div>
<!-- END CatalogEntryRatingsReviewsInfo.jspf -->
                </div>
                <!--ThumbnailRestriction -->
            </div>
            
            <div class="addToTrolleytabBox">
            <!-- addToTrolleytabBox LIST VIEW--><!-- Start UserSubscribedOrNot.jspf --><!-- Start UserSubscribedOrNot.jsp --><!-- 
    If the user is not logged in, render this opening 
    DIV adding an addtional class to fix the border top which is removed 
    and replaced by the tabs
-->
<div class="addToTrolleytabContainer addItemBorderTop">
<!-- End AddToSubscriptionList.jsp --><!-- End AddSubscriptionList.jspf --><!-- 
                    ATTENTION!!!
                    <div class="addToTrolleytabContainer">
                    This opening div is inside "../../ReusableObjects/UserSubscribedOrNot.jsp"
                    -->
                <div class="pricingAndTrolleyOptions">  
                    <div class="priceTab activeContainer priceTabContainer" id="addItem_1527409"> 
                        <div class="pricing">
                            
<p class="pricePerUnit">
85p 
</p>

<p class="pricePerMeasure">Â£3.04<abbr title="per">/</abbr>100<abbr title="gram"><span class="pricePerMeasureMeasure">g</span></abbr>
</p>

                                
                        </div>  
                          
                                    <div class="addToTrolleyForm ">   
                                        <!-- BEGIN AddToTrolley.jsp --><!-- fire an on add to bag here from  -->

<form class="addToTrolleyForm" name="OrderItemAddForm_1527408" action="OrderItemAdd" method="post" id="OrderItemAddForm_1527408">
    <input type="hidden" name="storeId" value="10151">
    <input type="hidden" name="langId" value="44">
    <input type="hidden" name="catalogId" value="10241">
    <input type="hidden" name="authToken" id="authToken1527408" value="-1002%2C3jIiHU%2F3lFc4jalpGDAhYOztAdQ%3D">
    
    
    <input type="hidden" name="errorViewName" value="PromotionDisplayView">
    <input type="hidden" name="SKU_ID" value="8190231">
    <input type="hidden" name="itemType" value="">
    <input type="hidden" name="parentSKU" value="">
    
    
       <input type="hidden" id="productCatentryId_1527409" value="1527408">
       <input type="hidden" id="catEntryId_1527408" value="1527409">
       <input type="hidden" name="ItemSKU_ID" value="8190231">
     
        
        <div class="quantity hidden" id="updateQtyPanelProduct_1527408" data-qty="">
            <ul>
                <li>
                    <a class="button decreaseQty " id="decreaseQty_1527408" href="#">-</a> 
                </li>
                <li>	
                    <label class="access" for="quantity_1527408">Quantity</label>						
                    <a href="#" class="button quantityPlp  " id="quantityUpdate_1527408">
                        </a>
                    <input name="quantity" id="quantity_1527408" type="hidden" size="3" value="" class="quantity">		        
                </li>
                <li>
                    
                    <a class="button increaseQty " id="increaseQty_1527408" href="#">+</a>
                </li>
            </ul>
        </div>				
            
        
            <input type="hidden" name="catEntryId" value="1527409">
        

        <input type="hidden" name="productId" value="1527408">
        

    <input type="hidden" name="URL" value="https://www.sainsburys.co.uk/webapp/wcs/stores/servlet/PromotionDisplayView?listId=2&amp;catalogId=10241&amp;productId=1117540&amp;langId=44&amp;storeId=10151&amp;promotionId=10669742">
    <input type="hidden" name="page" value="">
    <input type="hidden" name="contractId" value="">
    <input type="hidden" name="calculateOrder" value="1">
    <input type="hidden" name="calculationUsage" value="-1,-2,-3">
    <input type="hidden" name="updateable" value="1">
    <input type="hidden" name="merge" value="***">

                                  
            <input type="hidden" id="updateUrl_1527408" updateurlchild_1527409="AjaxOrderItemUpdate?calculateOrder=1&amp;itemType=&amp;ordItemUpdateFlag=0&amp;orderId=.&amp;updatePrices=1&amp;authToken=-1002%252C3jIiHU%252F3lFc4jalpGDAhYOztAdQ%253D&amp;calculationUsage=-1,-2,-3&amp;storeId=10151&amp;errorViewName=AjaxQuickCartDisplay&amp;URL=AjaxQuickCartDisplay&amp;catEntryId=1527409&amp;orderItemId_0=&amp;UOM_0=&amp;langId=44&amp;quantity_0=1">
            <input type="hidden" id="removeUrl_1527408" removeurlchild_1527409="AjaxOrderItemUpdate?calculateOrder=1&amp;itemType=&amp;productId=&amp;ordItemUpdateFlag=2&amp;orderId=.&amp;updatePrices=1&amp;authToken=-1002%252C3jIiHU%252F3lFc4jalpGDAhYOztAdQ%253D&amp;calculationUsage=-1,-2,-3&amp;storeId=10151&amp;errorViewName=AjaxQuickCartDisplay&amp;URL=AjaxQuickCartDisplay&amp;catEntryId=1527409&amp;productSKU=&amp;orderItemId_0=&amp;qtyDecremented=true&amp;langId=44&amp;quantity_0=0">           
         
       <input type="hidden" name="callAjax" value="false">
       
    
    <div class="add2Cart " id="addQtyPanelProduct_1527408">    
        
            <a class="button process addQty  " id="addQty_1527408" href="#">
                Add
            </a>

            <input type="hidden" name="Add" value="Add">
        
    </div>

</form>
<!-- END AddToTrolley.jsp -->
                                    </div>  
                                
                    </div><!-- END priceTabContainer Add container --><!-- Subscribe container --><!-- Start AddToSubscriptionList.jspf --><!-- Start AddToSubscriptionList.jsp --><!-- End AddToSubscriptionList.jsp --><!-- End AddToSubscriptionList.jspf --> 
                </div>  
            </div>  
        </div>
    </div>     
    </div> 
    <div id="additionalItems_1527409" class="additionalItems">
        <!-- BEGIN MerchandisingAssociationsDisplay.jsp --><!-- Start - JSP File Name:  MerchandisingAssociationsDisplay.jsp --><!-- END MerchandisingAssociationsDisplay.jsp -->  
    </div> 

<!-- END CatalogEntryThumbnailDisplay.jsp -->
                            </li>
                        
                            <li>
                                
                                                <div class="trolleySummary"><p class="saving">
                                                         <!-- %@ include file="../../include/PromotionStrapline.jspf"% -->
                                                </p></div>
                                            
                                                <div class="trolleySummary"><p class="saving">
                                                         <!-- %@ include file="../../include/PromotionStrapline.jspf"% -->
                                                </p></div>
                                            
                                                <div class="trolleySummary"><p class="saving">
                                                         <!-- %@ include file="../../include/PromotionStrapline.jspf"% -->
                                                </p></div>
                                            <!-- BEGIN CatalogEntryThumbnailDisplay.jsp -->
    <div class="product ">
        
        <div class="errorBanner hidden" id="error1547338"></div>
                        
        
        <div class="productInner">
            <div class="productInfoWrapper">
                <div class="productInfo">
                    
                            <h3>
                                <a href="https://www.sainsburys.co.uk/shop/gb/groceries/product/details/doritos-chilli-heatwave-tortilla-chips-grab-bag-crisps-48g">
                                    Doritos Chilli Heatwave Tortilla Chips Grab Bag Crisps 48g
                                    <img src="https://assets.sainsburys-groceries.co.uk/gol/8206298/image.jpg" alt="">
                                </a>
                            </h3>
                        
<div class="promotion">

                        <p>
                            <a strapline="Meal Deal for Â£5.00 | 8206298" href="https://www.sainsburys.co.uk/shop/PromotionDisplayView?listId=2&amp;catalogId=10241&amp;productId=1547338&amp;langId=44&amp;storeId=10151&amp;promotionId=10664136"><!-- BEGIN include/PromotionStrapline.jspf -->Meal Deal for Â£5.00<br>

<!-- FINISH include/PromotionStrapline.jspf -->
                            </a>
                        </p>
                    
                        <p>
                            <a strapline="Meal Deal for Â£3.75 | 8206298" href="https://www.sainsburys.co.uk/shop/PromotionDisplayView?listId=2&amp;catalogId=10241&amp;productId=1547338&amp;langId=44&amp;storeId=10151&amp;promotionId=10669742">PLUS <!-- BEGIN include/PromotionStrapline.jspf -->Meal Deal for Â£3.75<br>

<!-- FINISH include/PromotionStrapline.jspf -->
                            </a>
                        </p>
                                
</div>

                    <div class="ThumbnailRoundel">
                    <!--ThumbnailRoundel --> 
                    </div>
                    <div class="promoBages">
                        <!-- PROMOTION -->
                    </div>


                    <!-- Review --><!-- BEGIN CatalogEntryRatingsReviewsInfo.jspf --><!-- productAllowedRatingsAndReviews: true -->
<div class="reviews">

    <a class="numberOfReviews" href="https://www.sainsburys.co.uk/shop/gb/groceries/product/details/doritos-chilli-heatwave-tortilla-chips-grab-bag-crisps-48g">
        <img src="//www.sainsburys.co.uk/wcsstore7.137.2/SainsburysStorefrontAssetStore/img/stars/rating-4_9.gif" alt="4.9143" border="0">&nbsp; 
        Reviews (35)
    </a>

</div>
<!-- END CatalogEntryRatingsReviewsInfo.jspf -->
                </div>
                <!--ThumbnailRestriction -->
            </div>
            
            <div class="addToTrolleytabBox">
            <!-- addToTrolleytabBox LIST VIEW--><!-- Start UserSubscribedOrNot.jspf --><!-- Start UserSubscribedOrNot.jsp --><!-- 
    If the user is not logged in, render this opening 
    DIV adding an addtional class to fix the border top which is removed 
    and replaced by the tabs
-->
<div class="addToTrolleytabContainer addItemBorderTop">
<!-- End AddToSubscriptionList.jsp --><!-- End AddSubscriptionList.jspf --><!-- 
                    ATTENTION!!!
                    <div class="addToTrolleytabContainer">
                    This opening div is inside "../../ReusableObjects/UserSubscribedOrNot.jsp"
                    -->
                <div class="pricingAndTrolleyOptions">  
                    <div class="priceTab activeContainer priceTabContainer" id="addItem_1547339"> 
                        <div class="pricing">
                            
<p class="pricePerUnit">
Â£1.00 
</p>

<p class="pricePerMeasure">Â£2.08<abbr title="per">/</abbr>100<abbr title="gram"><span class="pricePerMeasureMeasure">g</span></abbr>
</p>

                                
                        </div>  
                          
                                    <div class="addToTrolleyForm ">   
                                        <!-- BEGIN AddToTrolley.jsp --><!-- fire an on add to bag here from  -->

<form class="addToTrolleyForm" name="OrderItemAddForm_1547338" action="OrderItemAdd" method="post" id="OrderItemAddForm_1547338">
    <input type="hidden" name="storeId" value="10151">
    <input type="hidden" name="langId" value="44">
    <input type="hidden" name="catalogId" value="10241">
    <input type="hidden" name="authToken" id="authToken1547338" value="-1002%2C3jIiHU%2F3lFc4jalpGDAhYOztAdQ%3D">
    
    
    <input type="hidden" name="errorViewName" value="PromotionDisplayView">
    <input type="hidden" name="SKU_ID" value="8206298">
    <input type="hidden" name="itemType" value="">
    <input type="hidden" name="parentSKU" value="">
    
    
       <input type="hidden" id="productCatentryId_1547339" value="1547338">
       <input type="hidden" id="catEntryId_1547338" value="1547339">
       <input type="hidden" name="ItemSKU_ID" value="8206298">
     
        
        <div class="quantity hidden" id="updateQtyPanelProduct_1547338" data-qty="">
            <ul>
                <li>
                    <a class="button decreaseQty " id="decreaseQty_1547338" href="#">-</a> 
                </li>
                <li>	
                    <label class="access" for="quantity_1547338">Quantity</label>						
                    <a href="#" class="button quantityPlp  " id="quantityUpdate_1547338">
                        </a>
                    <input name="quantity" id="quantity_1547338" type="hidden" size="3" value="" class="quantity">		        
                </li>
                <li>
                    
                    <a class="button increaseQty " id="increaseQty_1547338" href="#">+</a>
                </li>
            </ul>
        </div>				
            
        
            <input type="hidden" name="catEntryId" value="1547339">
        

        <input type="hidden" name="productId" value="1547338">
        

    <input type="hidden" name="URL" value="https://www.sainsburys.co.uk/webapp/wcs/stores/servlet/PromotionDisplayView?listId=2&amp;catalogId=10241&amp;productId=1117540&amp;langId=44&amp;storeId=10151&amp;promotionId=10669742">
    <input type="hidden" name="page" value="">
    <input type="hidden" name="contractId" value="">
    <input type="hidden" name="calculateOrder" value="1">
    <input type="hidden" name="calculationUsage" value="-1,-2,-3">
    <input type="hidden" name="updateable" value="1">
    <input type="hidden" name="merge" value="***">

                                  
            <input type="hidden" id="updateUrl_1547338" updateurlchild_1547339="AjaxOrderItemUpdate?calculateOrder=1&amp;itemType=&amp;ordItemUpdateFlag=0&amp;orderId=.&amp;updatePrices=1&amp;authToken=-1002%252C3jIiHU%252F3lFc4jalpGDAhYOztAdQ%253D&amp;calculationUsage=-1,-2,-3&amp;storeId=10151&amp;errorViewName=AjaxQuickCartDisplay&amp;URL=AjaxQuickCartDisplay&amp;catEntryId=1547339&amp;orderItemId_0=&amp;UOM_0=&amp;langId=44&amp;quantity_0=1">
            <input type="hidden" id="removeUrl_1547338" removeurlchild_1547339="AjaxOrderItemUpdate?calculateOrder=1&amp;itemType=&amp;productId=&amp;ordItemUpdateFlag=2&amp;orderId=.&amp;updatePrices=1&amp;authToken=-1002%252C3jIiHU%252F3lFc4jalpGDAhYOztAdQ%253D&amp;calculationUsage=-1,-2,-3&amp;storeId=10151&amp;errorViewName=AjaxQuickCartDisplay&amp;URL=AjaxQuickCartDisplay&amp;catEntryId=1547339&amp;productSKU=&amp;orderItemId_0=&amp;qtyDecremented=true&amp;langId=44&amp;quantity_0=0">           
         
       <input type="hidden" name="callAjax" value="false">
       
    
    <div class="add2Cart " id="addQtyPanelProduct_1547338">    
        
            <a class="button process addQty  " id="addQty_1547338" href="#">
                Add
            </a>

            <input type="hidden" name="Add" value="Add">
        
    </div>

</form>
<!-- END AddToTrolley.jsp -->
                                    </div>  
                                
                    </div><!-- END priceTabContainer Add container --><!-- Subscribe container --><!-- Start AddToSubscriptionList.jspf --><!-- Start AddToSubscriptionList.jsp --><!-- End AddToSubscriptionList.jsp --><!-- End AddToSubscriptionList.jspf --> 
                </div>  
            </div>  
        </div>
    </div>     
    </div> 
    <div id="additionalItems_1547339" class="additionalItems">
        <!-- BEGIN MerchandisingAssociationsDisplay.jsp --><!-- Start - JSP File Name:  MerchandisingAssociationsDisplay.jsp --><!-- END MerchandisingAssociationsDisplay.jsp -->  
    </div> 

<!-- END CatalogEntryThumbnailDisplay.jsp -->
                            </li>
                        
                            <li>
                                
                                                <div class="trolleySummary"><p class="saving">
                                                         <!-- %@ include file="../../include/PromotionStrapline.jspf"% -->
                                                </p></div>
                                            
                                                <div class="trolleySummary"><p class="saving">
                                                         <!-- %@ include file="../../include/PromotionStrapline.jspf"% -->
                                                </p></div>
                                            
                                                <div class="trolleySummary"><p class="saving">
                                                         <!-- %@ include file="../../include/PromotionStrapline.jspf"% -->
                                                </p></div>
                                            <!-- BEGIN CatalogEntryThumbnailDisplay.jsp -->
    <div class="product ">
        
        <div class="errorBanner hidden" id="error1528560"></div>
                        
        
        <div class="productInner">
            <div class="productInfoWrapper">
                <div class="productInfo">
                    
                            <h3>
                                <a href="https://www.sainsburys.co.uk/shop/gb/groceries/product/details/grenade-oreo-white-35g">
                                    Grenade Oreo White Protein Bar 35g
                                    <img src="https://assets.sainsburys-groceries.co.uk/gol/8190923/image.jpg" alt="">
                                </a>
                            </h3>
                        
<div class="promotion">

                        <p>
                            <a strapline="Meal Deal for Â£5.00 | 8190923" href="https://www.sainsburys.co.uk/shop/PromotionDisplayView?listId=2&amp;catalogId=10241&amp;productId=1528560&amp;langId=44&amp;storeId=10151&amp;promotionId=10664136"><!-- BEGIN include/PromotionStrapline.jspf -->Meal Deal for Â£5.00<br>

<!-- FINISH include/PromotionStrapline.jspf -->
                            </a>
                        </p>
                    
                        <p>
                            <a strapline="Meal Deal for Â£3.75 | 8190923" href="https://www.sainsburys.co.uk/shop/PromotionDisplayView?listId=2&amp;catalogId=10241&amp;productId=1528560&amp;langId=44&amp;storeId=10151&amp;promotionId=10669742">PLUS <!-- BEGIN include/PromotionStrapline.jspf -->Meal Deal for Â£3.75<br>

<!-- FINISH include/PromotionStrapline.jspf -->
                            </a>
                        </p>
                                
</div>

                    <div class="ThumbnailRoundel">
                    <!--ThumbnailRoundel --> 
                    </div>
                    <div class="promoBages">
                        <!-- PROMOTION -->
                    </div>


                    <!-- Review --><!-- BEGIN CatalogEntryRatingsReviewsInfo.jspf --><!-- productAllowedRatingsAndReviews: true -->
<div class="reviews">

    <a class="numberOfReviews" href="https://www.sainsburys.co.uk/shop/gb/groceries/product/details/grenade-oreo-white-35g">
        <img src="//www.sainsburys.co.uk/wcsstore7.137.2/SainsburysStorefrontAssetStore/img/stars/rating-5_0.gif" alt="5.0" border="0">&nbsp; 
        Reviews (1)
    </a>

</div>
<!-- END CatalogEntryRatingsReviewsInfo.jspf -->
                </div>
                <!--ThumbnailRestriction -->
            </div>
            
            <div class="addToTrolleytabBox">
            <!-- addToTrolleytabBox LIST VIEW--><!-- Start UserSubscribedOrNot.jspf --><!-- Start UserSubscribedOrNot.jsp --><!-- 
    If the user is not logged in, render this opening 
    DIV adding an addtional class to fix the border top which is removed 
    and replaced by the tabs
-->
<div class="addToTrolleytabContainer addItemBorderTop">
<!-- End AddToSubscriptionList.jsp --><!-- End AddSubscriptionList.jspf --><!-- 
                    ATTENTION!!!
                    <div class="addToTrolleytabContainer">
                    This opening div is inside "../../ReusableObjects/UserSubscribedOrNot.jsp"
                    -->
                <div class="pricingAndTrolleyOptions">  
                    <div class="priceTab activeContainer priceTabContainer" id="addItem_1528561"> 
                        <div class="pricing">
                            
<p class="pricePerUnit">
Â£2.15 
</p>

<p class="pricePerMeasure">Â£6.14<abbr title="per">/</abbr>100<abbr title="gram"><span class="pricePerMeasureMeasure">g</span></abbr>
</p>

                                
                        </div>  
                          
                                    <div class="addToTrolleyForm ">   
                                        <!-- BEGIN AddToTrolley.jsp --><!-- fire an on add to bag here from  -->

<form class="addToTrolleyForm" name="OrderItemAddForm_1528560" action="OrderItemAdd" method="post" id="OrderItemAddForm_1528560">
    <input type="hidden" name="storeId" value="10151">
    <input type="hidden" name="langId" value="44">
    <input type="hidden" name="catalogId" value="10241">
    <input type="hidden" name="authToken" id="authToken1528560" value="-1002%2C3jIiHU%2F3lFc4jalpGDAhYOztAdQ%3D">
    
    
    <input type="hidden" name="errorViewName" value="PromotionDisplayView">
    <input type="hidden" name="SKU_ID" value="8190923">
    <input type="hidden" name="itemType" value="">
    <input type="hidden" name="parentSKU" value="">
    
    
       <input type="hidden" id="productCatentryId_1528561" value="1528560">
       <input type="hidden" id="catEntryId_1528560" value="1528561">
       <input type="hidden" name="ItemSKU_ID" value="8190923">
     
        
        <div class="quantity hidden" id="updateQtyPanelProduct_1528560" data-qty="">
            <ul>
                <li>
                    <a class="button decreaseQty " id="decreaseQty_1528560" href="#">-</a> 
                </li>
                <li>	
                    <label class="access" for="quantity_1528560">Quantity</label>						
                    <a href="#" class="button quantityPlp  " id="quantityUpdate_1528560">
                        </a>
                    <input name="quantity" id="quantity_1528560" type="hidden" size="3" value="" class="quantity">		        
                </li>
                <li>
                    
                    <a class="button increaseQty " id="increaseQty_1528560" href="#">+</a>
                </li>
            </ul>
        </div>				
            
        
            <input type="hidden" name="catEntryId" value="1528561">
        

        <input type="hidden" name="productId" value="1528560">
        

    <input type="hidden" name="URL" value="https://www.sainsburys.co.uk/webapp/wcs/stores/servlet/PromotionDisplayView?listId=2&amp;catalogId=10241&amp;productId=1117540&amp;langId=44&amp;storeId=10151&amp;promotionId=10669742">
    <input type="hidden" name="page" value="">
    <input type="hidden" name="contractId" value="">
    <input type="hidden" name="calculateOrder" value="1">
    <input type="hidden" name="calculationUsage" value="-1,-2,-3">
    <input type="hidden" name="updateable" value="1">
    <input type="hidden" name="merge" value="***">

                                  
            <input type="hidden" id="updateUrl_1528560" updateurlchild_1528561="AjaxOrderItemUpdate?calculateOrder=1&amp;itemType=&amp;ordItemUpdateFlag=0&amp;orderId=.&amp;updatePrices=1&amp;authToken=-1002%252C3jIiHU%252F3lFc4jalpGDAhYOztAdQ%253D&amp;calculationUsage=-1,-2,-3&amp;storeId=10151&amp;errorViewName=AjaxQuickCartDisplay&amp;URL=AjaxQuickCartDisplay&amp;catEntryId=1528561&amp;orderItemId_0=&amp;UOM_0=&amp;langId=44&amp;quantity_0=1">
            <input type="hidden" id="removeUrl_1528560" removeurlchild_1528561="AjaxOrderItemUpdate?calculateOrder=1&amp;itemType=&amp;productId=&amp;ordItemUpdateFlag=2&amp;orderId=.&amp;updatePrices=1&amp;authToken=-1002%252C3jIiHU%252F3lFc4jalpGDAhYOztAdQ%253D&amp;calculationUsage=-1,-2,-3&amp;storeId=10151&amp;errorViewName=AjaxQuickCartDisplay&amp;URL=AjaxQuickCartDisplay&amp;catEntryId=1528561&amp;productSKU=&amp;orderItemId_0=&amp;qtyDecremented=true&amp;langId=44&amp;quantity_0=0">           
         
       <input type="hidden" name="callAjax" value="false">
       
    
    <div class="add2Cart " id="addQtyPanelProduct_1528560">    
        
            <a class="button process addQty  " id="addQty_1528560" href="#">
                Add
            </a>

            <input type="hidden" name="Add" value="Add">
        
    </div>

</form>
<!-- END AddToTrolley.jsp -->
                                    </div>  
                                
                    </div><!-- END priceTabContainer Add container --><!-- Subscribe container --><!-- Start AddToSubscriptionList.jspf --><!-- Start AddToSubscriptionList.jsp --><!-- End AddToSubscriptionList.jsp --><!-- End AddToSubscriptionList.jspf --> 
                </div>  
            </div>  
        </div>
    </div>     
    </div> 
    <div id="additionalItems_1528561" class="additionalItems">
        <!-- BEGIN MerchandisingAssociationsDisplay.jsp --><!-- Start - JSP File Name:  MerchandisingAssociationsDisplay.jsp --><!-- END MerchandisingAssociationsDisplay.jsp -->  
    </div> 

<!-- END CatalogEntryThumbnailDisplay.jsp -->
                            </li>
                        
                            <li>
                                
                                                <div class="trolleySummary"><p class="saving">
                                                         <!-- %@ include file="../../include/PromotionStrapline.jspf"% -->
                                                </p></div>
                                            
                                                <div class="trolleySummary"><p class="saving">
                                                         <!-- %@ include file="../../include/PromotionStrapline.jspf"% -->
                                                </p></div>
                                            
                                                <div class="trolleySummary"><p class="saving">
                                                         <!-- %@ include file="../../include/PromotionStrapline.jspf"% -->
                                                </p></div>
                                            <!-- BEGIN CatalogEntryThumbnailDisplay.jsp -->
    <div class="product ">
        
        <div class="errorBanner hidden" id="error1547362"></div>
                        
        
        <div class="productInner">
            <div class="productInfoWrapper">
                <div class="productInfo">
                    
                            <h3>
                                <a href="https://www.sainsburys.co.uk/shop/gb/groceries/product/details/pipers-great-berwick-longhorn-beef-crisps-40g">
                                    Pipers Great Berwick Longhorn Beef Crisps 40g
                                    <img src="https://assets.sainsburys-groceries.co.uk/gol/8206329/image.jpg" alt="">
                                </a>
                            </h3>
                        
<div class="promotion">

                        <p>
                            <a strapline="Meal Deal for Â£5.00 | 8206329" href="https://www.sainsburys.co.uk/shop/PromotionDisplayView?listId=2&amp;catalogId=10241&amp;productId=1547362&amp;langId=44&amp;storeId=10151&amp;promotionId=10664136"><!-- BEGIN include/PromotionStrapline.jspf -->Meal Deal for Â£5.00<br>

<!-- FINISH include/PromotionStrapline.jspf -->
                            </a>
                        </p>
                    
                        <p>
                            <a strapline="Meal Deal for Â£3.75 | 8206329" href="https://www.sainsburys.co.uk/shop/PromotionDisplayView?listId=2&amp;catalogId=10241&amp;productId=1547362&amp;langId=44&amp;storeId=10151&amp;promotionId=10669742">PLUS <!-- BEGIN include/PromotionStrapline.jspf -->Meal Deal for Â£3.75<br>

<!-- FINISH include/PromotionStrapline.jspf -->
                            </a>
                        </p>
                                
</div>

                    <div class="ThumbnailRoundel">
                    <!--ThumbnailRoundel --> 
                    </div>
                    <div class="promoBages">
                        <!-- PROMOTION -->
                    </div>


                    <!-- Review --><!-- BEGIN CatalogEntryRatingsReviewsInfo.jspf --><!-- productAllowedRatingsAndReviews: true -->
<div class="reviews">

    <a class="numberOfReviews" href="https://www.sainsburys.co.uk/shop/gb/groceries/product/details/pipers-great-berwick-longhorn-beef-crisps-40g">
        <img src="//www.sainsburys.co.uk/wcsstore7.137.2/SainsburysStorefrontAssetStore/img/stars/rating-4_5.gif" alt="4.5" border="0">&nbsp; 
        Reviews (12)
    </a>

</div>
<!-- END CatalogEntryRatingsReviewsInfo.jspf -->
                </div>
                <!--ThumbnailRestriction -->
            </div>
            
            <div class="addToTrolleytabBox">
            <!-- addToTrolleytabBox LIST VIEW--><!-- Start UserSubscribedOrNot.jspf --><!-- Start UserSubscribedOrNot.jsp --><!-- 
    If the user is not logged in, render this opening 
    DIV adding an addtional class to fix the border top which is removed 
    and replaced by the tabs
-->
<div class="addToTrolleytabContainer addItemBorderTop">
<!-- End AddToSubscriptionList.jsp --><!-- End AddSubscriptionList.jspf --><!-- 
                    ATTENTION!!!
                    <div class="addToTrolleytabContainer">
                    This opening div is inside "../../ReusableObjects/UserSubscribedOrNot.jsp"
                    -->
                <div class="pricingAndTrolleyOptions">  
                    <div class="priceTab activeContainer priceTabContainer" id="addItem_1547363"> 
                        <div class="pricing">
                            
<p class="pricePerUnit">
Â£1.35 
</p>

<p class="pricePerMeasure">Â£3.38<abbr title="per">/</abbr>100<abbr title="gram"><span class="pricePerMeasureMeasure">g</span></abbr>
</p>

                                
                        </div>  
                          
                                    <div class="addToTrolleyForm ">   
                                        <!-- BEGIN AddToTrolley.jsp --><!-- fire an on add to bag here from  -->

<form class="addToTrolleyForm" name="OrderItemAddForm_1547362" action="OrderItemAdd" method="post" id="OrderItemAddForm_1547362">
    <input type="hidden" name="storeId" value="10151">
    <input type="hidden" name="langId" value="44">
    <input type="hidden" name="catalogId" value="10241">
    <input type="hidden" name="authToken" id="authToken1547362" value="-1002%2C3jIiHU%2F3lFc4jalpGDAhYOztAdQ%3D">
    
    
    <input type="hidden" name="errorViewName" value="PromotionDisplayView">
    <input type="hidden" name="SKU_ID" value="8206329">
    <input type="hidden" name="itemType" value="">
    <input type="hidden" name="parentSKU" value="">
    
    
       <input type="hidden" id="productCatentryId_1547363" value="1547362">
       <input type="hidden" id="catEntryId_1547362" value="1547363">
       <input type="hidden" name="ItemSKU_ID" value="8206329">
     
        
        <div class="quantity hidden" id="updateQtyPanelProduct_1547362" data-qty="">
            <ul>
                <li>
                    <a class="button decreaseQty " id="decreaseQty_1547362" href="#">-</a> 
                </li>
                <li>	
                    <label class="access" for="quantity_1547362">Quantity</label>						
                    <a href="#" class="button quantityPlp  " id="quantityUpdate_1547362">
                        </a>
                    <input name="quantity" id="quantity_1547362" type="hidden" size="3" value="" class="quantity">		        
                </li>
                <li>
                    
                    <a class="button increaseQty " id="increaseQty_1547362" href="#">+</a>
                </li>
            </ul>
        </div>				
            
        
            <input type="hidden" name="catEntryId" value="1547363">
        

        <input type="hidden" name="productId" value="1547362">
        

    <input type="hidden" name="URL" value="https://www.sainsburys.co.uk/webapp/wcs/stores/servlet/PromotionDisplayView?listId=2&amp;catalogId=10241&amp;productId=1117540&amp;langId=44&amp;storeId=10151&amp;promotionId=10669742">
    <input type="hidden" name="page" value="">
    <input type="hidden" name="contractId" value="">
    <input type="hidden" name="calculateOrder" value="1">
    <input type="hidden" name="calculationUsage" value="-1,-2,-3">
    <input type="hidden" name="updateable" value="1">
    <input type="hidden" name="merge" value="***">

                                  
            <input type="hidden" id="updateUrl_1547362" updateurlchild_1547363="AjaxOrderItemUpdate?calculateOrder=1&amp;itemType=&amp;ordItemUpdateFlag=0&amp;orderId=.&amp;updatePrices=1&amp;authToken=-1002%252C3jIiHU%252F3lFc4jalpGDAhYOztAdQ%253D&amp;calculationUsage=-1,-2,-3&amp;storeId=10151&amp;errorViewName=AjaxQuickCartDisplay&amp;URL=AjaxQuickCartDisplay&amp;catEntryId=1547363&amp;orderItemId_0=&amp;UOM_0=&amp;langId=44&amp;quantity_0=1">
            <input type="hidden" id="removeUrl_1547362" removeurlchild_1547363="AjaxOrderItemUpdate?calculateOrder=1&amp;itemType=&amp;productId=&amp;ordItemUpdateFlag=2&amp;orderId=.&amp;updatePrices=1&amp;authToken=-1002%252C3jIiHU%252F3lFc4jalpGDAhYOztAdQ%253D&amp;calculationUsage=-1,-2,-3&amp;storeId=10151&amp;errorViewName=AjaxQuickCartDisplay&amp;URL=AjaxQuickCartDisplay&amp;catEntryId=1547363&amp;productSKU=&amp;orderItemId_0=&amp;qtyDecremented=true&amp;langId=44&amp;quantity_0=0">           
         
       <input type="hidden" name="callAjax" value="false">
       
    
    <div class="add2Cart " id="addQtyPanelProduct_1547362">    
        
            <a class="button process addQty  " id="addQty_1547362" href="#">
                Add
            </a>

            <input type="hidden" name="Add" value="Add">
        
    </div>

</form>
<!-- END AddToTrolley.jsp -->
                                    </div>  
                                
                    </div><!-- END priceTabContainer Add container --><!-- Subscribe container --><!-- Start AddToSubscriptionList.jspf --><!-- Start AddToSubscriptionList.jsp --><!-- End AddToSubscriptionList.jsp --><!-- End AddToSubscriptionList.jspf --> 
                </div>  
            </div>  
        </div>
    </div>     
    </div> 
    <div id="additionalItems_1547363" class="additionalItems">
        <!-- BEGIN MerchandisingAssociationsDisplay.jsp --><!-- Start - JSP File Name:  MerchandisingAssociationsDisplay.jsp --><!-- END MerchandisingAssociationsDisplay.jsp -->  
    </div> 

<!-- END CatalogEntryThumbnailDisplay.jsp -->
                            </li>
                        
                            <li>
                                
                                                <div class="trolleySummary"><p class="saving">
                                                         <!-- %@ include file="../../include/PromotionStrapline.jspf"% -->
                                                </p></div>
                                            
                                                <div class="trolleySummary"><p class="saving">
                                                         <!-- %@ include file="../../include/PromotionStrapline.jspf"% -->
                                                </p></div>
                                            
                                                <div class="trolleySummary"><p class="saving">
                                                         <!-- %@ include file="../../include/PromotionStrapline.jspf"% -->
                                                </p></div>
                                            <!-- BEGIN CatalogEntryThumbnailDisplay.jsp -->
    <div class="product ">
        
        <div class="errorBanner hidden" id="error1547866"></div>
                        
        
        <div class="productInner">
            <div class="productInfoWrapper">
                <div class="productInfo">
                    
                            <h3>
                                <a href="https://www.sainsburys.co.uk/shop/gb/groceries/product/details/pipers-biggleswade-sweet-chilli-crisps-40g">
                                    Pipers Biggleswade Sweet Chilli Crisps 40g
                                    <img src="https://assets.sainsburys-groceries.co.uk/gol/8206778/image.jpg" alt="">
                                </a>
                            </h3>
                        
<div class="promotion">

                        <p>
                            <a strapline="Meal Deal for Â£5.00 | 8206778" href="https://www.sainsburys.co.uk/shop/PromotionDisplayView?listId=2&amp;catalogId=10241&amp;productId=1547866&amp;langId=44&amp;storeId=10151&amp;promotionId=10664136"><!-- BEGIN include/PromotionStrapline.jspf -->Meal Deal for Â£5.00<br>

<!-- FINISH include/PromotionStrapline.jspf -->
                            </a>
                        </p>
                    
                        <p>
                            <a strapline="Meal Deal for Â£3.75 | 8206778" href="https://www.sainsburys.co.uk/shop/PromotionDisplayView?listId=2&amp;catalogId=10241&amp;productId=1547866&amp;langId=44&amp;storeId=10151&amp;promotionId=10669742">PLUS <!-- BEGIN include/PromotionStrapline.jspf -->Meal Deal for Â£3.75<br>

<!-- FINISH include/PromotionStrapline.jspf -->
                            </a>
                        </p>
                                
</div>

                    <div class="ThumbnailRoundel">
                    <!--ThumbnailRoundel --> 
                    </div>
                    <div class="promoBages">
                        <!-- PROMOTION -->
                    </div>


                    <!-- Review --><!-- BEGIN CatalogEntryRatingsReviewsInfo.jspf --><!-- productAllowedRatingsAndReviews: true -->
<div class="reviews">

    <a class="numberOfReviews" href="https://www.sainsburys.co.uk/shop/gb/groceries/product/details/pipers-biggleswade-sweet-chilli-crisps-40g">
        <img src="//www.sainsburys.co.uk/wcsstore7.137.2/SainsburysStorefrontAssetStore/img/stars/rating-5_0.gif" alt="5.0" border="0">&nbsp; 
        Reviews (1)
    </a>

</div>
<!-- END CatalogEntryRatingsReviewsInfo.jspf -->
                </div>
                <!--ThumbnailRestriction -->
            </div>
            
            <div class="addToTrolleytabBox">
            <!-- addToTrolleytabBox LIST VIEW--><!-- Start UserSubscribedOrNot.jspf --><!-- Start UserSubscribedOrNot.jsp --><!-- 
    If the user is not logged in, render this opening 
    DIV adding an addtional class to fix the border top which is removed 
    and replaced by the tabs
-->
<div class="addToTrolleytabContainer addItemBorderTop">
<!-- End AddToSubscriptionList.jsp --><!-- End AddSubscriptionList.jspf --><!-- 
                    ATTENTION!!!
                    <div class="addToTrolleytabContainer">
                    This opening div is inside "../../ReusableObjects/UserSubscribedOrNot.jsp"
                    -->
                <div class="pricingAndTrolleyOptions">  
                    <div class="priceTab activeContainer priceTabContainer" id="addItem_1547867"> 
                        <div class="pricing">
                            
<p class="pricePerUnit">
Â£1.35 
</p>

<p class="pricePerMeasure">Â£3.38<abbr title="per">/</abbr>100<abbr title="gram"><span class="pricePerMeasureMeasure">g</span></abbr>
</p>

                                
                        </div>  
                          
                                    <div class="addToTrolleyForm ">   
                                        <!-- BEGIN AddToTrolley.jsp --><!-- fire an on add to bag here from  -->

<form class="addToTrolleyForm" name="OrderItemAddForm_1547866" action="OrderItemAdd" method="post" id="OrderItemAddForm_1547866">
    <input type="hidden" name="storeId" value="10151">
    <input type="hidden" name="langId" value="44">
    <input type="hidden" name="catalogId" value="10241">
    <input type="hidden" name="authToken" id="authToken1547866" value="-1002%2C3jIiHU%2F3lFc4jalpGDAhYOztAdQ%3D">
    
    
    <input type="hidden" name="errorViewName" value="PromotionDisplayView">
    <input type="hidden" name="SKU_ID" value="8206778">
    <input type="hidden" name="itemType" value="">
    <input type="hidden" name="parentSKU" value="">
    
    
       <input type="hidden" id="productCatentryId_1547867" value="1547866">
       <input type="hidden" id="catEntryId_1547866" value="1547867">
       <input type="hidden" name="ItemSKU_ID" value="8206778">
     
        
        <div class="quantity hidden" id="updateQtyPanelProduct_1547866" data-qty="">
            <ul>
                <li>
                    <a class="button decreaseQty " id="decreaseQty_1547866" href="#">-</a> 
                </li>
                <li>	
                    <label class="access" for="quantity_1547866">Quantity</label>						
                    <a href="#" class="button quantityPlp  " id="quantityUpdate_1547866">
                        </a>
                    <input name="quantity" id="quantity_1547866" type="hidden" size="3" value="" class="quantity">		        
                </li>
                <li>
                    
                    <a class="button increaseQty " id="increaseQty_1547866" href="#">+</a>
                </li>
            </ul>
        </div>				
            
        
            <input type="hidden" name="catEntryId" value="1547867">
        

        <input type="hidden" name="productId" value="1547866">
        

    <input type="hidden" name="URL" value="https://www.sainsburys.co.uk/webapp/wcs/stores/servlet/PromotionDisplayView?listId=2&amp;catalogId=10241&amp;productId=1117540&amp;langId=44&amp;storeId=10151&amp;promotionId=10669742">
    <input type="hidden" name="page" value="">
    <input type="hidden" name="contractId" value="">
    <input type="hidden" name="calculateOrder" value="1">
    <input type="hidden" name="calculationUsage" value="-1,-2,-3">
    <input type="hidden" name="updateable" value="1">
    <input type="hidden" name="merge" value="***">

                                  
            <input type="hidden" id="updateUrl_1547866" updateurlchild_1547867="AjaxOrderItemUpdate?calculateOrder=1&amp;itemType=&amp;ordItemUpdateFlag=0&amp;orderId=.&amp;updatePrices=1&amp;authToken=-1002%252C3jIiHU%252F3lFc4jalpGDAhYOztAdQ%253D&amp;calculationUsage=-1,-2,-3&amp;storeId=10151&amp;errorViewName=AjaxQuickCartDisplay&amp;URL=AjaxQuickCartDisplay&amp;catEntryId=1547867&amp;orderItemId_0=&amp;UOM_0=&amp;langId=44&amp;quantity_0=1">
            <input type="hidden" id="removeUrl_1547866" removeurlchild_1547867="AjaxOrderItemUpdate?calculateOrder=1&amp;itemType=&amp;productId=&amp;ordItemUpdateFlag=2&amp;orderId=.&amp;updatePrices=1&amp;authToken=-1002%252C3jIiHU%252F3lFc4jalpGDAhYOztAdQ%253D&amp;calculationUsage=-1,-2,-3&amp;storeId=10151&amp;errorViewName=AjaxQuickCartDisplay&amp;URL=AjaxQuickCartDisplay&amp;catEntryId=1547867&amp;productSKU=&amp;orderItemId_0=&amp;qtyDecremented=true&amp;langId=44&amp;quantity_0=0">           
         
       <input type="hidden" name="callAjax" value="false">
       
    
    <div class="add2Cart " id="addQtyPanelProduct_1547866">    
        
            <a class="button process addQty  " id="addQty_1547866" href="#">
                Add
            </a>

            <input type="hidden" name="Add" value="Add">
        
    </div>

</form>
<!-- END AddToTrolley.jsp -->
                                    </div>  
                                
                    </div><!-- END priceTabContainer Add container --><!-- Subscribe container --><!-- Start AddToSubscriptionList.jspf --><!-- Start AddToSubscriptionList.jsp --><!-- End AddToSubscriptionList.jsp --><!-- End AddToSubscriptionList.jspf --> 
                </div>  
            </div>  
        </div>
    </div>     
    </div> 
    <div id="additionalItems_1547867" class="additionalItems">
        <!-- BEGIN MerchandisingAssociationsDisplay.jsp --><!-- Start - JSP File Name:  MerchandisingAssociationsDisplay.jsp --><!-- END MerchandisingAssociationsDisplay.jsp -->  
    </div> 

<!-- END CatalogEntryThumbnailDisplay.jsp -->
                            </li>
                        
                            <li>
                                
                                                <div class="trolleySummary"><p class="saving">
                                                         <!-- %@ include file="../../include/PromotionStrapline.jspf"% -->
                                                </p></div>
                                            
                                                <div class="trolleySummary"><p class="saving">
                                                         <!-- %@ include file="../../include/PromotionStrapline.jspf"% -->
                                                </p></div>
                                            
                                                <div class="trolleySummary"><p class="saving">
                                                         <!-- %@ include file="../../include/PromotionStrapline.jspf"% -->
                                                </p></div>
                                            <!-- BEGIN CatalogEntryThumbnailDisplay.jsp -->
    <div class="product ">
        
        <div class="errorBanner hidden" id="error1481664"></div>
                        
        
        <div class="productInner">
            <div class="productInfoWrapper">
                <div class="productInfo">
                    
                            <h3>
                                <a href="https://www.sainsburys.co.uk/shop/gb/groceries/product/details/kind-chocolate-chip-cashew-nut-bar-40g">
                                    Kind Chocolate Chip Cashew Cereal Bar 40g
                                    <img src="https://assets.sainsburys-groceries.co.uk/gol/8152570/image.jpg" alt="">
                                </a>
                            </h3>
                        
<div class="promotion">

                        <p>
                            <a strapline="Meal Deal for Â£5.00 | 8152570" href="https://www.sainsburys.co.uk/shop/PromotionDisplayView?listId=2&amp;catalogId=10241&amp;productId=1481664&amp;langId=44&amp;storeId=10151&amp;promotionId=10664136"><!-- BEGIN include/PromotionStrapline.jspf -->Meal Deal for Â£5.00<br>

<!-- FINISH include/PromotionStrapline.jspf -->
                            </a>
                        </p>
                    
                        <p>
                            <a strapline="Meal Deal for Â£3.75 | 8152570" href="https://www.sainsburys.co.uk/shop/PromotionDisplayView?listId=2&amp;catalogId=10241&amp;productId=1481664&amp;langId=44&amp;storeId=10151&amp;promotionId=10669742">PLUS <!-- BEGIN include/PromotionStrapline.jspf -->Meal Deal for Â£3.75<br>

<!-- FINISH include/PromotionStrapline.jspf -->
                            </a>
                        </p>
                                
</div>

                    <div class="ThumbnailRoundel">
                    <!--ThumbnailRoundel --> 
                    </div>
                    <div class="promoBages">
                        <!-- PROMOTION -->
                    </div>


                    <!-- Review --><!-- BEGIN CatalogEntryRatingsReviewsInfo.jspf --><!-- productAllowedRatingsAndReviews: true -->
<div class="reviews">

    <a class="numberOfReviews" href="https://www.sainsburys.co.uk/shop/gb/groceries/product/details/kind-chocolate-chip-cashew-nut-bar-40g">
        <img src="//www.sainsburys.co.uk/wcsstore7.137.2/SainsburysStorefrontAssetStore/img/stars/rating-4_6.gif" alt="4.6364" border="0">&nbsp; 
        Reviews (11)
    </a>

</div>
<!-- END CatalogEntryRatingsReviewsInfo.jspf -->
                </div>
                <!--ThumbnailRestriction -->
            </div>
            
            <div class="addToTrolleytabBox">
            <!-- addToTrolleytabBox LIST VIEW--><!-- Start UserSubscribedOrNot.jspf --><!-- Start UserSubscribedOrNot.jsp --><!-- 
    If the user is not logged in, render this opening 
    DIV adding an addtional class to fix the border top which is removed 
    and replaced by the tabs
-->
<div class="addToTrolleytabContainer addItemBorderTop">
<!-- End AddToSubscriptionList.jsp --><!-- End AddSubscriptionList.jspf --><!-- 
                    ATTENTION!!!
                    <div class="addToTrolleytabContainer">
                    This opening div is inside "../../ReusableObjects/UserSubscribedOrNot.jsp"
                    -->
                <div class="pricingAndTrolleyOptions">  
                    <div class="priceTab activeContainer priceTabContainer" id="addItem_1481665"> 
                        <div class="pricing">
                            
<p class="pricePerUnit">
Â£1.40 
</p>

<p class="pricePerMeasure">Â£3.50<abbr title="per">/</abbr>100<abbr title="gram"><span class="pricePerMeasureMeasure">g</span></abbr>
</p>

                                
                        </div>  
                          
                                    <div class="addToTrolleyForm ">   
                                        <!-- BEGIN AddToTrolley.jsp --><!-- fire an on add to bag here from  -->

<form class="addToTrolleyForm" name="OrderItemAddForm_1481664" action="OrderItemAdd" method="post" id="OrderItemAddForm_1481664">
    <input type="hidden" name="storeId" value="10151">
    <input type="hidden" name="langId" value="44">
    <input type="hidden" name="catalogId" value="10241">
    <input type="hidden" name="authToken" id="authToken1481664" value="-1002%2C3jIiHU%2F3lFc4jalpGDAhYOztAdQ%3D">
    
    
    <input type="hidden" name="errorViewName" value="PromotionDisplayView">
    <input type="hidden" name="SKU_ID" value="8152570">
    <input type="hidden" name="itemType" value="">
    <input type="hidden" name="parentSKU" value="">
    
    
       <input type="hidden" id="productCatentryId_1481665" value="1481664">
       <input type="hidden" id="catEntryId_1481664" value="1481665">
       <input type="hidden" name="ItemSKU_ID" value="8152570">
     
        
        <div class="quantity hidden" id="updateQtyPanelProduct_1481664" data-qty="">
            <ul>
                <li>
                    <a class="button decreaseQty " id="decreaseQty_1481664" href="#">-</a> 
                </li>
                <li>	
                    <label class="access" for="quantity_1481664">Quantity</label>						
                    <a href="#" class="button quantityPlp  " id="quantityUpdate_1481664">
                        </a>
                    <input name="quantity" id="quantity_1481664" type="hidden" size="3" value="" class="quantity">		        
                </li>
                <li>
                    
                    <a class="button increaseQty " id="increaseQty_1481664" href="#">+</a>
                </li>
            </ul>
        </div>				
            
        
            <input type="hidden" name="catEntryId" value="1481665">
        

        <input type="hidden" name="productId" value="1481664">
        

    <input type="hidden" name="URL" value="https://www.sainsburys.co.uk/webapp/wcs/stores/servlet/PromotionDisplayView?listId=2&amp;catalogId=10241&amp;productId=1117540&amp;langId=44&amp;storeId=10151&amp;promotionId=10669742">
    <input type="hidden" name="page" value="">
    <input type="hidden" name="contractId" value="">
    <input type="hidden" name="calculateOrder" value="1">
    <input type="hidden" name="calculationUsage" value="-1,-2,-3">
    <input type="hidden" name="updateable" value="1">
    <input type="hidden" name="merge" value="***">

                                  
            <input type="hidden" id="updateUrl_1481664" updateurlchild_1481665="AjaxOrderItemUpdate?calculateOrder=1&amp;itemType=&amp;ordItemUpdateFlag=0&amp;orderId=.&amp;updatePrices=1&amp;authToken=-1002%252C3jIiHU%252F3lFc4jalpGDAhYOztAdQ%253D&amp;calculationUsage=-1,-2,-3&amp;storeId=10151&amp;errorViewName=AjaxQuickCartDisplay&amp;URL=AjaxQuickCartDisplay&amp;catEntryId=1481665&amp;orderItemId_0=&amp;UOM_0=&amp;langId=44&amp;quantity_0=1">
            <input type="hidden" id="removeUrl_1481664" removeurlchild_1481665="AjaxOrderItemUpdate?calculateOrder=1&amp;itemType=&amp;productId=&amp;ordItemUpdateFlag=2&amp;orderId=.&amp;updatePrices=1&amp;authToken=-1002%252C3jIiHU%252F3lFc4jalpGDAhYOztAdQ%253D&amp;calculationUsage=-1,-2,-3&amp;storeId=10151&amp;errorViewName=AjaxQuickCartDisplay&amp;URL=AjaxQuickCartDisplay&amp;catEntryId=1481665&amp;productSKU=&amp;orderItemId_0=&amp;qtyDecremented=true&amp;langId=44&amp;quantity_0=0">           
         
       <input type="hidden" name="callAjax" value="false">
       
    
    <div class="add2Cart " id="addQtyPanelProduct_1481664">    
        
            <a class="button process addQty  " id="addQty_1481664" href="#">
                Add
            </a>

            <input type="hidden" name="Add" value="Add">
        
    </div>

</form>
<!-- END AddToTrolley.jsp -->
                                    </div>  
                                
                    </div><!-- END priceTabContainer Add container --><!-- Subscribe container --><!-- Start AddToSubscriptionList.jspf --><!-- Start AddToSubscriptionList.jsp --><!-- End AddToSubscriptionList.jsp --><!-- End AddToSubscriptionList.jspf --> 
                </div>  
            </div>  
        </div>
    </div>     
    </div> 
    <div id="additionalItems_1481665" class="additionalItems">
        <!-- BEGIN MerchandisingAssociationsDisplay.jsp --><!-- Start - JSP File Name:  MerchandisingAssociationsDisplay.jsp --><!-- END MerchandisingAssociationsDisplay.jsp -->  
    </div> 

<!-- END CatalogEntryThumbnailDisplay.jsp -->
                            </li>
                        
                            <li>
                                
                                                <div class="trolleySummary"><p class="saving">
                                                         <!-- %@ include file="../../include/PromotionStrapline.jspf"% -->
                                                </p></div>
                                            
                                                <div class="trolleySummary"><p class="saving">
                                                         <!-- %@ include file="../../include/PromotionStrapline.jspf"% -->
                                                </p></div>
                                            
                                                <div class="trolleySummary"><p class="saving">
                                                         <!-- %@ include file="../../include/PromotionStrapline.jspf"% -->
                                                </p></div>
                                            <!-- BEGIN CatalogEntryThumbnailDisplay.jsp -->
    <div class="product ">
        
        <div class="errorBanner hidden" id="error1527600"></div>
                        
        
        <div class="productInner">
            <div class="productInfoWrapper">
                <div class="productInfo">
                    
                            <h3>
                                <a href="https://www.sainsburys.co.uk/shop/gb/groceries/product/details/itsu-crispy-seaweed-thins-sweet-soy-sea-salt-5g">
                                    itsu Crispy Seaweed Thins Sweet Soy &amp; Sea Salt 5g
                                    <img src="https://assets.sainsburys-groceries.co.uk/gol/8190548/image.jpg" alt="">
                                </a>
                            </h3>
                        
<div class="promotion">

                        <p>
                            <a strapline="Meal Deal for Â£5.00 | 8190548" href="https://www.sainsburys.co.uk/shop/PromotionDisplayView?listId=2&amp;catalogId=10241&amp;productId=1527600&amp;langId=44&amp;storeId=10151&amp;promotionId=10664136"><!-- BEGIN include/PromotionStrapline.jspf -->Meal Deal for Â£5.00<br>

<!-- FINISH include/PromotionStrapline.jspf -->
                            </a>
                        </p>
                    
                        <p>
                            <a strapline="Meal Deal for Â£3.75 | 8190548" href="https://www.sainsburys.co.uk/shop/PromotionDisplayView?listId=2&amp;catalogId=10241&amp;productId=1527600&amp;langId=44&amp;storeId=10151&amp;promotionId=10669742">PLUS <!-- BEGIN include/PromotionStrapline.jspf -->Meal Deal for Â£3.75<br>

<!-- FINISH include/PromotionStrapline.jspf -->
                            </a>
                        </p>
                                
</div>

                    <div class="ThumbnailRoundel">
                    <!--ThumbnailRoundel --> 
                    </div>
                    <div class="promoBages">
                        <!-- PROMOTION -->
                    </div>


                    <!-- Review --><!-- BEGIN CatalogEntryRatingsReviewsInfo.jspf --><!-- productAllowedRatingsAndReviews: true -->
<div class="reviews">

    <a class="numberOfReviews repressive" href="http://reviews.sainsburys.co.uk//8076-en_gb/8190548-P/writereview.htm?submissionurl=https%3A%2F%2Fwww.sainsburys.co.uk%2Fwebapp%2Fwcs%2Fstores%2Fservlet%2FBVReviewSubmitDisplay%3FcatalogId%3D10241%26storeId%3D10151%26recipe%3D%26langId%3D44%26productId%3D8190548-P&amp;return=https%3A%2F%2Fwww.sainsburys.co.uk%2Fwebapp%2Fwcs%2Fstores%2Fservlet%2FPromotionDisplayView%3FlistId%3D2%26catalogId%3D10241%26productId%3D1117540%26langId%3D44%26storeId%3D10151%26promotionId%3D10669742">
Write a review
      </a>

</div>
<!-- END CatalogEntryRatingsReviewsInfo.jspf -->
                </div>
                <!--ThumbnailRestriction -->
            </div>
            
            <div class="addToTrolleytabBox">
            <!-- addToTrolleytabBox LIST VIEW--><!-- Start UserSubscribedOrNot.jspf --><!-- Start UserSubscribedOrNot.jsp --><!-- 
    If the user is not logged in, render this opening 
    DIV adding an addtional class to fix the border top which is removed 
    and replaced by the tabs
-->
<div class="addToTrolleytabContainer addItemBorderTop">
<!-- End AddToSubscriptionList.jsp --><!-- End AddSubscriptionList.jspf --><!-- 
                    ATTENTION!!!
                    <div class="addToTrolleytabContainer">
                    This opening div is inside "../../ReusableObjects/UserSubscribedOrNot.jsp"
                    -->
                <div class="pricingAndTrolleyOptions">  
                    <div class="priceTab activeContainer priceTabContainer" id="addItem_1527601"> 
                        <div class="pricing">
                            
<p class="pricePerUnit">
Â£1.00 
</p>

<p class="pricePerMeasure">Â£20.00<abbr title="per">/</abbr>100<abbr title="gram"><span class="pricePerMeasureMeasure">g</span></abbr>
</p>

                                
                        </div>  
                          
                                    <div class="addToTrolleyForm ">   
                                        <!-- BEGIN AddToTrolley.jsp --><!-- fire an on add to bag here from  -->

<form class="addToTrolleyForm" name="OrderItemAddForm_1527600" action="OrderItemAdd" method="post" id="OrderItemAddForm_1527600">
    <input type="hidden" name="storeId" value="10151">
    <input type="hidden" name="langId" value="44">
    <input type="hidden" name="catalogId" value="10241">
    <input type="hidden" name="authToken" id="authToken1527600" value="-1002%2C3jIiHU%2F3lFc4jalpGDAhYOztAdQ%3D">
    
    
    <input type="hidden" name="errorViewName" value="PromotionDisplayView">
    <input type="hidden" name="SKU_ID" value="8190548">
    <input type="hidden" name="itemType" value="">
    <input type="hidden" name="parentSKU" value="">
    
    
       <input type="hidden" id="productCatentryId_1527601" value="1527600">
       <input type="hidden" id="catEntryId_1527600" value="1527601">
       <input type="hidden" name="ItemSKU_ID" value="8190548">
     
        
        <div class="quantity hidden" id="updateQtyPanelProduct_1527600" data-qty="">
            <ul>
                <li>
                    <a class="button decreaseQty " id="decreaseQty_1527600" href="#">-</a> 
                </li>
                <li>	
                    <label class="access" for="quantity_1527600">Quantity</label>						
                    <a href="#" class="button quantityPlp  " id="quantityUpdate_1527600">
                        </a>
                    <input name="quantity" id="quantity_1527600" type="hidden" size="3" value="" class="quantity">		        
                </li>
                <li>
                    
                    <a class="button increaseQty " id="increaseQty_1527600" href="#">+</a>
                </li>
            </ul>
        </div>				
            
        
            <input type="hidden" name="catEntryId" value="1527601">
        

        <input type="hidden" name="productId" value="1527600">
        

    <input type="hidden" name="URL" value="https://www.sainsburys.co.uk/webapp/wcs/stores/servlet/PromotionDisplayView?listId=2&amp;catalogId=10241&amp;productId=1117540&amp;langId=44&amp;storeId=10151&amp;promotionId=10669742">
    <input type="hidden" name="page" value="">
    <input type="hidden" name="contractId" value="">
    <input type="hidden" name="calculateOrder" value="1">
    <input type="hidden" name="calculationUsage" value="-1,-2,-3">
    <input type="hidden" name="updateable" value="1">
    <input type="hidden" name="merge" value="***">

                                  
            <input type="hidden" id="updateUrl_1527600" updateurlchild_1527601="AjaxOrderItemUpdate?calculateOrder=1&amp;itemType=&amp;ordItemUpdateFlag=0&amp;orderId=.&amp;updatePrices=1&amp;authToken=-1002%252C3jIiHU%252F3lFc4jalpGDAhYOztAdQ%253D&amp;calculationUsage=-1,-2,-3&amp;storeId=10151&amp;errorViewName=AjaxQuickCartDisplay&amp;URL=AjaxQuickCartDisplay&amp;catEntryId=1527601&amp;orderItemId_0=&amp;UOM_0=&amp;langId=44&amp;quantity_0=1">
            <input type="hidden" id="removeUrl_1527600" removeurlchild_1527601="AjaxOrderItemUpdate?calculateOrder=1&amp;itemType=&amp;productId=&amp;ordItemUpdateFlag=2&amp;orderId=.&amp;updatePrices=1&amp;authToken=-1002%252C3jIiHU%252F3lFc4jalpGDAhYOztAdQ%253D&amp;calculationUsage=-1,-2,-3&amp;storeId=10151&amp;errorViewName=AjaxQuickCartDisplay&amp;URL=AjaxQuickCartDisplay&amp;catEntryId=1527601&amp;productSKU=&amp;orderItemId_0=&amp;qtyDecremented=true&amp;langId=44&amp;quantity_0=0">           
         
       <input type="hidden" name="callAjax" value="false">
       
    
    <div class="add2Cart " id="addQtyPanelProduct_1527600">    
        
            <a class="button process addQty  " id="addQty_1527600" href="#">
                Add
            </a>

            <input type="hidden" name="Add" value="Add">
        
    </div>

</form>
<!-- END AddToTrolley.jsp -->
                                    </div>  
                                
                    </div><!-- END priceTabContainer Add container --><!-- Subscribe container --><!-- Start AddToSubscriptionList.jspf --><!-- Start AddToSubscriptionList.jsp --><!-- End AddToSubscriptionList.jsp --><!-- End AddToSubscriptionList.jspf --> 
                </div>  
            </div>  
        </div>
    </div>     
    </div> 
    <div id="additionalItems_1527601" class="additionalItems">
        <!-- BEGIN MerchandisingAssociationsDisplay.jsp --><!-- Start - JSP File Name:  MerchandisingAssociationsDisplay.jsp --><!-- END MerchandisingAssociationsDisplay.jsp -->  
    </div> 

<!-- END CatalogEntryThumbnailDisplay.jsp -->
                            </li>
                        
                            <li>
                                
                                                <div class="trolleySummary"><p class="saving">
                                                         <!-- %@ include file="../../include/PromotionStrapline.jspf"% -->
                                                </p></div>
                                            
                                                <div class="trolleySummary"><p class="saving">
                                                         <!-- %@ include file="../../include/PromotionStrapline.jspf"% -->
                                                </p></div>
                                            
                                                <div class="trolleySummary"><p class="saving">
                                                         <!-- %@ include file="../../include/PromotionStrapline.jspf"% -->
                                                </p></div>
                                            <!-- BEGIN CatalogEntryThumbnailDisplay.jsp -->
    <div class="product ">
        
        <div class="errorBanner hidden" id="error1508152"></div>
                        
        
        <div class="productInner">
            <div class="productInfoWrapper">
                <div class="productInfo">
                    
                            <h3>
                                <a href="https://www.sainsburys.co.uk/shop/gb/groceries/product/details/n-kd-big-bar-cocoa-orange-45g">
                                    Nakd Cocoa Orange Big Bar 45g
                                    <img src="https://assets.sainsburys-groceries.co.uk/gol/8174654/image.jpg" alt="">
                                </a>
                            </h3>
                        
<div class="promotion">

                        <p>
                            <a strapline="Meal Deal for Â£5.00 | 8174654" href="https://www.sainsburys.co.uk/shop/PromotionDisplayView?listId=2&amp;catalogId=10241&amp;productId=1508152&amp;langId=44&amp;storeId=10151&amp;promotionId=10664136"><!-- BEGIN include/PromotionStrapline.jspf -->Meal Deal for Â£5.00<br>

<!-- FINISH include/PromotionStrapline.jspf -->
                            </a>
                        </p>
                    
                        <p>
                            <a strapline="Meal Deal for Â£3.75 | 8174654" href="https://www.sainsburys.co.uk/shop/PromotionDisplayView?listId=2&amp;catalogId=10241&amp;productId=1508152&amp;langId=44&amp;storeId=10151&amp;promotionId=10669742">PLUS <!-- BEGIN include/PromotionStrapline.jspf -->Meal Deal for Â£3.75<br>

<!-- FINISH include/PromotionStrapline.jspf -->
                            </a>
                        </p>
                                
</div>

                    <div class="ThumbnailRoundel">
                    <!--ThumbnailRoundel --> 
                    </div>
                    <div class="promoBages">
                        <!-- PROMOTION -->
                    </div>


                    <!-- Review --><!-- BEGIN CatalogEntryRatingsReviewsInfo.jspf --><!-- productAllowedRatingsAndReviews: true -->
<div class="reviews">

    <a class="numberOfReviews" href="https://www.sainsburys.co.uk/shop/gb/groceries/product/details/n-kd-big-bar-cocoa-orange-45g">
        <img src="//www.sainsburys.co.uk/wcsstore7.137.2/SainsburysStorefrontAssetStore/img/stars/rating-5_0.gif" alt="5.0" border="0">&nbsp; 
        Reviews (2)
    </a>

</div>
<!-- END CatalogEntryRatingsReviewsInfo.jspf -->
                </div>
                <!--ThumbnailRestriction -->
            </div>
            
            <div class="addToTrolleytabBox">
            <!-- addToTrolleytabBox LIST VIEW--><!-- Start UserSubscribedOrNot.jspf --><!-- Start UserSubscribedOrNot.jsp --><!-- 
    If the user is not logged in, render this opening 
    DIV adding an addtional class to fix the border top which is removed 
    and replaced by the tabs
-->
<div class="addToTrolleytabContainer addItemBorderTop">
<!-- End AddToSubscriptionList.jsp --><!-- End AddSubscriptionList.jspf --><!-- 
                    ATTENTION!!!
                    <div class="addToTrolleytabContainer">
                    This opening div is inside "../../ReusableObjects/UserSubscribedOrNot.jsp"
                    -->
                <div class="pricingAndTrolleyOptions">  
                    <div class="priceTab activeContainer priceTabContainer" id="addItem_1508153"> 
                        <div class="pricing">
                            
<p class="pricePerUnit">
Â£1.45 
</p>

<p class="pricePerMeasure">Â£3.22<abbr title="per">/</abbr>100<abbr title="gram"><span class="pricePerMeasureMeasure">g</span></abbr>
</p>

                                
                        </div>  
                          
                                    <div class="addToTrolleyForm ">   
                                        <!-- BEGIN AddToTrolley.jsp --><!-- fire an on add to bag here from  -->

<form class="addToTrolleyForm" name="OrderItemAddForm_1508152" action="OrderItemAdd" method="post" id="OrderItemAddForm_1508152">
    <input type="hidden" name="storeId" value="10151">
    <input type="hidden" name="langId" value="44">
    <input type="hidden" name="catalogId" value="10241">
    <input type="hidden" name="authToken" id="authToken1508152" value="-1002%2C3jIiHU%2F3lFc4jalpGDAhYOztAdQ%3D">
    
    
    <input type="hidden" name="errorViewName" value="PromotionDisplayView">
    <input type="hidden" name="SKU_ID" value="8174654">
    <input type="hidden" name="itemType" value="">
    <input type="hidden" name="parentSKU" value="">
    
    
       <input type="hidden" id="productCatentryId_1508153" value="1508152">
       <input type="hidden" id="catEntryId_1508152" value="1508153">
       <input type="hidden" name="ItemSKU_ID" value="8174654">
     
        
        <div class="quantity hidden" id="updateQtyPanelProduct_1508152" data-qty="">
            <ul>
                <li>
                    <a class="button decreaseQty " id="decreaseQty_1508152" href="#">-</a> 
                </li>
                <li>	
                    <label class="access" for="quantity_1508152">Quantity</label>						
                    <a href="#" class="button quantityPlp  " id="quantityUpdate_1508152">
                        </a>
                    <input name="quantity" id="quantity_1508152" type="hidden" size="3" value="" class="quantity">		        
                </li>
                <li>
                    
                    <a class="button increaseQty " id="increaseQty_1508152" href="#">+</a>
                </li>
            </ul>
        </div>				
            
        
            <input type="hidden" name="catEntryId" value="1508153">
        

        <input type="hidden" name="productId" value="1508152">
        

    <input type="hidden" name="URL" value="https://www.sainsburys.co.uk/webapp/wcs/stores/servlet/PromotionDisplayView?listId=2&amp;catalogId=10241&amp;productId=1117540&amp;langId=44&amp;storeId=10151&amp;promotionId=10669742">
    <input type="hidden" name="page" value="">
    <input type="hidden" name="contractId" value="">
    <input type="hidden" name="calculateOrder" value="1">
    <input type="hidden" name="calculationUsage" value="-1,-2,-3">
    <input type="hidden" name="updateable" value="1">
    <input type="hidden" name="merge" value="***">

                                  
            <input type="hidden" id="updateUrl_1508152" updateurlchild_1508153="AjaxOrderItemUpdate?calculateOrder=1&amp;itemType=&amp;ordItemUpdateFlag=0&amp;orderId=.&amp;updatePrices=1&amp;authToken=-1002%252C3jIiHU%252F3lFc4jalpGDAhYOztAdQ%253D&amp;calculationUsage=-1,-2,-3&amp;storeId=10151&amp;errorViewName=AjaxQuickCartDisplay&amp;URL=AjaxQuickCartDisplay&amp;catEntryId=1508153&amp;orderItemId_0=&amp;UOM_0=&amp;langId=44&amp;quantity_0=1">
            <input type="hidden" id="removeUrl_1508152" removeurlchild_1508153="AjaxOrderItemUpdate?calculateOrder=1&amp;itemType=&amp;productId=&amp;ordItemUpdateFlag=2&amp;orderId=.&amp;updatePrices=1&amp;authToken=-1002%252C3jIiHU%252F3lFc4jalpGDAhYOztAdQ%253D&amp;calculationUsage=-1,-2,-3&amp;storeId=10151&amp;errorViewName=AjaxQuickCartDisplay&amp;URL=AjaxQuickCartDisplay&amp;catEntryId=1508153&amp;productSKU=&amp;orderItemId_0=&amp;qtyDecremented=true&amp;langId=44&amp;quantity_0=0">           
         
       <input type="hidden" name="callAjax" value="false">
       
    
    <div class="add2Cart " id="addQtyPanelProduct_1508152">    
        
            <a class="button process addQty  " id="addQty_1508152" href="#">
                Add
            </a>

            <input type="hidden" name="Add" value="Add">
        
    </div>

</form>
<!-- END AddToTrolley.jsp -->
                                    </div>  
                                
                    </div><!-- END priceTabContainer Add container --><!-- Subscribe container --><!-- Start AddToSubscriptionList.jspf --><!-- Start AddToSubscriptionList.jsp --><!-- End AddToSubscriptionList.jsp --><!-- End AddToSubscriptionList.jspf --> 
                </div>  
            </div>  
        </div>
    </div>     
    </div> 
    <div id="additionalItems_1508153" class="additionalItems">
        <!-- BEGIN MerchandisingAssociationsDisplay.jsp --><!-- Start - JSP File Name:  MerchandisingAssociationsDisplay.jsp --><!-- END MerchandisingAssociationsDisplay.jsp -->  
    </div> 

<!-- END CatalogEntryThumbnailDisplay.jsp -->
                            </li>
                        
                            <li>
                                
                                                <div class="trolleySummary"><p class="saving">
                                                         <!-- %@ include file="../../include/PromotionStrapline.jspf"% -->
                                                </p></div>
                                            
                                                <div class="trolleySummary"><p class="saving">
                                                         <!-- %@ include file="../../include/PromotionStrapline.jspf"% -->
                                                </p></div>
                                            
                                                <div class="trolleySummary"><p class="saving">
                                                         <!-- %@ include file="../../include/PromotionStrapline.jspf"% -->
                                                </p></div>
                                            <!-- BEGIN CatalogEntryThumbnailDisplay.jsp -->
    <div class="product ">
        
        <div class="errorBanner hidden" id="error1508154"></div>
                        
        
        <div class="productInner">
            <div class="productInfoWrapper">
                <div class="productInfo">
                    
                            <h3>
                                <a href="https://www.sainsburys.co.uk/shop/gb/groceries/product/details/n-kd-big-bar-blueberry-muffin-45g">
                                    Nakd Blueberry Muffin Big Bar 45g
                                    <img src="https://assets.sainsburys-groceries.co.uk/gol/8174657/image.jpg" alt="">
                                </a>
                            </h3>
                        
<div class="promotion">

                        <p>
                            <a strapline="Meal Deal for Â£5.00 | 8174657" href="https://www.sainsburys.co.uk/shop/PromotionDisplayView?listId=2&amp;catalogId=10241&amp;productId=1508154&amp;langId=44&amp;storeId=10151&amp;promotionId=10664136"><!-- BEGIN include/PromotionStrapline.jspf -->Meal Deal for Â£5.00<br>

<!-- FINISH include/PromotionStrapline.jspf -->
                            </a>
                        </p>
                    
                        <p>
                            <a strapline="Meal Deal for Â£3.75 | 8174657" href="https://www.sainsburys.co.uk/shop/PromotionDisplayView?listId=2&amp;catalogId=10241&amp;productId=1508154&amp;langId=44&amp;storeId=10151&amp;promotionId=10669742">PLUS <!-- BEGIN include/PromotionStrapline.jspf -->Meal Deal for Â£3.75<br>

<!-- FINISH include/PromotionStrapline.jspf -->
                            </a>
                        </p>
                                
</div>

                    <div class="ThumbnailRoundel">
                    <!--ThumbnailRoundel --> 
                    </div>
                    <div class="promoBages">
                        <!-- PROMOTION -->
                    </div>


                    <!-- Review --><!-- BEGIN CatalogEntryRatingsReviewsInfo.jspf --><!-- productAllowedRatingsAndReviews: true -->
<div class="reviews">

    <a class="numberOfReviews" href="https://www.sainsburys.co.uk/shop/gb/groceries/product/details/n-kd-big-bar-blueberry-muffin-45g">
        <img src="//www.sainsburys.co.uk/wcsstore7.137.2/SainsburysStorefrontAssetStore/img/stars/rating-5_0.gif" alt="5.0" border="0">&nbsp; 
        Reviews (2)
    </a>

</div>
<!-- END CatalogEntryRatingsReviewsInfo.jspf -->
                </div>
                <!--ThumbnailRestriction -->
            </div>
            
            <div class="addToTrolleytabBox">
            <!-- addToTrolleytabBox LIST VIEW--><!-- Start UserSubscribedOrNot.jspf --><!-- Start UserSubscribedOrNot.jsp --><!-- 
    If the user is not logged in, render this opening 
    DIV adding an addtional class to fix the border top which is removed 
    and replaced by the tabs
-->
<div class="addToTrolleytabContainer addItemBorderTop">
<!-- End AddToSubscriptionList.jsp --><!-- End AddSubscriptionList.jspf --><!-- 
                    ATTENTION!!!
                    <div class="addToTrolleytabContainer">
                    This opening div is inside "../../ReusableObjects/UserSubscribedOrNot.jsp"
                    -->
                <div class="pricingAndTrolleyOptions">  
                    <div class="priceTab activeContainer priceTabContainer" id="addItem_1508155"> 
                        <div class="pricing">
                            
<p class="pricePerUnit">
Â£1.45 
</p>

<p class="pricePerMeasure">Â£3.22<abbr title="per">/</abbr>100<abbr title="gram"><span class="pricePerMeasureMeasure">g</span></abbr>
</p>

                                
                        </div>  
                          
                                    <div class="addToTrolleyForm ">   
                                        <!-- BEGIN AddToTrolley.jsp --><!-- fire an on add to bag here from  -->

<form class="addToTrolleyForm" name="OrderItemAddForm_1508154" action="OrderItemAdd" method="post" id="OrderItemAddForm_1508154">
    <input type="hidden" name="storeId" value="10151">
    <input type="hidden" name="langId" value="44">
    <input type="hidden" name="catalogId" value="10241">
    <input type="hidden" name="authToken" id="authToken1508154" value="-1002%2C3jIiHU%2F3lFc4jalpGDAhYOztAdQ%3D">
    
    
    <input type="hidden" name="errorViewName" value="PromotionDisplayView">
    <input type="hidden" name="SKU_ID" value="8174657">
    <input type="hidden" name="itemType" value="">
    <input type="hidden" name="parentSKU" value="">
    
    
       <input type="hidden" id="productCatentryId_1508155" value="1508154">
       <input type="hidden" id="catEntryId_1508154" value="1508155">
       <input type="hidden" name="ItemSKU_ID" value="8174657">
     
        
        <div class="quantity hidden" id="updateQtyPanelProduct_1508154" data-qty="">
            <ul>
                <li>
                    <a class="button decreaseQty " id="decreaseQty_1508154" href="#">-</a> 
                </li>
                <li>	
                    <label class="access" for="quantity_1508154">Quantity</label>						
                    <a href="#" class="button quantityPlp  " id="quantityUpdate_1508154">
                        </a>
                    <input name="quantity" id="quantity_1508154" type="hidden" size="3" value="" class="quantity">		        
                </li>
                <li>
                    
                    <a class="button increaseQty " id="increaseQty_1508154" href="#">+</a>
                </li>
            </ul>
        </div>				
            
        
            <input type="hidden" name="catEntryId" value="1508155">
        

        <input type="hidden" name="productId" value="1508154">
        

    <input type="hidden" name="URL" value="https://www.sainsburys.co.uk/webapp/wcs/stores/servlet/PromotionDisplayView?listId=2&amp;catalogId=10241&amp;productId=1117540&amp;langId=44&amp;storeId=10151&amp;promotionId=10669742">
    <input type="hidden" name="page" value="">
    <input type="hidden" name="contractId" value="">
    <input type="hidden" name="calculateOrder" value="1">
    <input type="hidden" name="calculationUsage" value="-1,-2,-3">
    <input type="hidden" name="updateable" value="1">
    <input type="hidden" name="merge" value="***">

                                  
            <input type="hidden" id="updateUrl_1508154" updateurlchild_1508155="AjaxOrderItemUpdate?calculateOrder=1&amp;itemType=&amp;ordItemUpdateFlag=0&amp;orderId=.&amp;updatePrices=1&amp;authToken=-1002%252C3jIiHU%252F3lFc4jalpGDAhYOztAdQ%253D&amp;calculationUsage=-1,-2,-3&amp;storeId=10151&amp;errorViewName=AjaxQuickCartDisplay&amp;URL=AjaxQuickCartDisplay&amp;catEntryId=1508155&amp;orderItemId_0=&amp;UOM_0=&amp;langId=44&amp;quantity_0=1">
            <input type="hidden" id="removeUrl_1508154" removeurlchild_1508155="AjaxOrderItemUpdate?calculateOrder=1&amp;itemType=&amp;productId=&amp;ordItemUpdateFlag=2&amp;orderId=.&amp;updatePrices=1&amp;authToken=-1002%252C3jIiHU%252F3lFc4jalpGDAhYOztAdQ%253D&amp;calculationUsage=-1,-2,-3&amp;storeId=10151&amp;errorViewName=AjaxQuickCartDisplay&amp;URL=AjaxQuickCartDisplay&amp;catEntryId=1508155&amp;productSKU=&amp;orderItemId_0=&amp;qtyDecremented=true&amp;langId=44&amp;quantity_0=0">           
         
       <input type="hidden" name="callAjax" value="false">
       
    
    <div class="add2Cart " id="addQtyPanelProduct_1508154">    
        
            <a class="button process addQty  " id="addQty_1508154" href="#">
                Add
            </a>

            <input type="hidden" name="Add" value="Add">
        
    </div>

</form>
<!-- END AddToTrolley.jsp -->
                                    </div>  
                                
                    </div><!-- END priceTabContainer Add container --><!-- Subscribe container --><!-- Start AddToSubscriptionList.jspf --><!-- Start AddToSubscriptionList.jsp --><!-- End AddToSubscriptionList.jsp --><!-- End AddToSubscriptionList.jspf --> 
                </div>  
            </div>  
        </div>
    </div>     
    </div> 
    <div id="additionalItems_1508155" class="additionalItems">
        <!-- BEGIN MerchandisingAssociationsDisplay.jsp --><!-- Start - JSP File Name:  MerchandisingAssociationsDisplay.jsp --><!-- END MerchandisingAssociationsDisplay.jsp -->  
    </div> 

<!-- END CatalogEntryThumbnailDisplay.jsp -->
                            </li>
                        
                            <li>
                                
                                                <div class="trolleySummary"><p class="saving">
                                                         <!-- %@ include file="../../include/PromotionStrapline.jspf"% -->
                                                </p></div>
                                            
                                                <div class="trolleySummary"><p class="saving">
                                                         <!-- %@ include file="../../include/PromotionStrapline.jspf"% -->
                                                </p></div>
                                            
                                                <div class="trolleySummary"><p class="saving">
                                                         <!-- %@ include file="../../include/PromotionStrapline.jspf"% -->
                                                </p></div>
                                            <!-- BEGIN CatalogEntryThumbnailDisplay.jsp -->
    <div class="product ">
        
        <div class="errorBanner hidden" id="error1532386"></div>
                        
        
        <div class="productInner">
            <div class="productInfoWrapper">
                <div class="productInfo">
                    
                            <h3>
                                <a href="https://www.sainsburys.co.uk/shop/gb/groceries/product/details/taste-original-chicken-skewers-chipotle-bbq-dip-southern-fried-55g">
                                    Taste Original Chicken Skewers &amp; Chipotle BBQ Dip Southern Fried 55g
                                    <img src="https://assets.sainsburys-groceries.co.uk/gol/8193566/image.jpg" alt="">
                                </a>
                            </h3>
                        
<div class="promotion">

                        <p>
                            <a strapline="Meal Deal for Â£5.00 | 8193566" href="https://www.sainsburys.co.uk/shop/PromotionDisplayView?listId=2&amp;catalogId=10241&amp;productId=1532386&amp;langId=44&amp;storeId=10151&amp;promotionId=10664136"><!-- BEGIN include/PromotionStrapline.jspf -->Meal Deal for Â£5.00<br>

<!-- FINISH include/PromotionStrapline.jspf -->
                            </a>
                        </p>
                    
                        <p>
                            <a strapline="Meal Deal for Â£3.75 | 8193566" href="https://www.sainsburys.co.uk/shop/PromotionDisplayView?listId=2&amp;catalogId=10241&amp;productId=1532386&amp;langId=44&amp;storeId=10151&amp;promotionId=10669742">PLUS <!-- BEGIN include/PromotionStrapline.jspf -->Meal Deal for Â£3.75<br>

<!-- FINISH include/PromotionStrapline.jspf -->
                            </a>
                        </p>
                                
</div>

                    <div class="ThumbnailRoundel">
                    <!--ThumbnailRoundel --> 
                    </div>
                    <div class="promoBages">
                        <!-- PROMOTION -->
                    </div>


                    <!-- Review --><!-- BEGIN CatalogEntryRatingsReviewsInfo.jspf --><!-- productAllowedRatingsAndReviews: true -->
<div class="reviews">

    <a class="numberOfReviews" href="https://www.sainsburys.co.uk/shop/gb/groceries/product/details/taste-original-chicken-skewers-chipotle-bbq-dip-southern-fried-55g">
        <img src="//www.sainsburys.co.uk/wcsstore7.137.2/SainsburysStorefrontAssetStore/img/stars/rating-5_0.gif" alt="5.0" border="0">&nbsp; 
        Reviews (3)
    </a>

</div>
<!-- END CatalogEntryRatingsReviewsInfo.jspf -->
                </div>
                <!--ThumbnailRestriction -->
            </div>
            
            <div class="addToTrolleytabBox">
            <!-- addToTrolleytabBox LIST VIEW--><!-- Start UserSubscribedOrNot.jspf --><!-- Start UserSubscribedOrNot.jsp --><!-- 
    If the user is not logged in, render this opening 
    DIV adding an addtional class to fix the border top which is removed 
    and replaced by the tabs
-->
<div class="addToTrolleytabContainer addItemBorderTop">
<!-- End AddToSubscriptionList.jsp --><!-- End AddSubscriptionList.jspf --><!-- 
                    ATTENTION!!!
                    <div class="addToTrolleytabContainer">
                    This opening div is inside "../../ReusableObjects/UserSubscribedOrNot.jsp"
                    -->
                <div class="pricingAndTrolleyOptions">  
                    <div class="priceTab activeContainer priceTabContainer" id="addItem_1532387"> 
                        <div class="pricing">
                            
<p class="pricePerUnit">
Â£1.75 
</p>

<p class="pricePerMeasure">Â£3.18<abbr title="per">/</abbr>100<abbr title="gram"><span class="pricePerMeasureMeasure">g</span></abbr>
</p>

                                
                        </div>  
                          
                                    <div class="addToTrolleyForm ">   
                                        <!-- BEGIN AddToTrolley.jsp --><!-- fire an on add to bag here from  -->

<form class="addToTrolleyForm" name="OrderItemAddForm_1532386" action="OrderItemAdd" method="post" id="OrderItemAddForm_1532386">
    <input type="hidden" name="storeId" value="10151">
    <input type="hidden" name="langId" value="44">
    <input type="hidden" name="catalogId" value="10241">
    <input type="hidden" name="authToken" id="authToken1532386" value="-1002%2C3jIiHU%2F3lFc4jalpGDAhYOztAdQ%3D">
    
    
    <input type="hidden" name="errorViewName" value="PromotionDisplayView">
    <input type="hidden" name="SKU_ID" value="8193566">
    <input type="hidden" name="itemType" value="">
    <input type="hidden" name="parentSKU" value="">
    
    
       <input type="hidden" id="productCatentryId_1532387" value="1532386">
       <input type="hidden" id="catEntryId_1532386" value="1532387">
       <input type="hidden" name="ItemSKU_ID" value="8193566">
     
        
        <div class="quantity hidden" id="updateQtyPanelProduct_1532386" data-qty="">
            <ul>
                <li>
                    <a class="button decreaseQty " id="decreaseQty_1532386" href="#">-</a> 
                </li>
                <li>	
                    <label class="access" for="quantity_1532386">Quantity</label>						
                    <a href="#" class="button quantityPlp  " id="quantityUpdate_1532386">
                        </a>
                    <input name="quantity" id="quantity_1532386" type="hidden" size="3" value="" class="quantity">		        
                </li>
                <li>
                    
                    <a class="button increaseQty " id="increaseQty_1532386" href="#">+</a>
                </li>
            </ul>
        </div>				
            
        
            <input type="hidden" name="catEntryId" value="1532387">
        

        <input type="hidden" name="productId" value="1532386">
        

    <input type="hidden" name="URL" value="https://www.sainsburys.co.uk/webapp/wcs/stores/servlet/PromotionDisplayView?listId=2&amp;catalogId=10241&amp;productId=1117540&amp;langId=44&amp;storeId=10151&amp;promotionId=10669742">
    <input type="hidden" name="page" value="">
    <input type="hidden" name="contractId" value="">
    <input type="hidden" name="calculateOrder" value="1">
    <input type="hidden" name="calculationUsage" value="-1,-2,-3">
    <input type="hidden" name="updateable" value="1">
    <input type="hidden" name="merge" value="***">

                                  
            <input type="hidden" id="updateUrl_1532386" updateurlchild_1532387="AjaxOrderItemUpdate?calculateOrder=1&amp;itemType=&amp;ordItemUpdateFlag=0&amp;orderId=.&amp;updatePrices=1&amp;authToken=-1002%252C3jIiHU%252F3lFc4jalpGDAhYOztAdQ%253D&amp;calculationUsage=-1,-2,-3&amp;storeId=10151&amp;errorViewName=AjaxQuickCartDisplay&amp;URL=AjaxQuickCartDisplay&amp;catEntryId=1532387&amp;orderItemId_0=&amp;UOM_0=&amp;langId=44&amp;quantity_0=1">
            <input type="hidden" id="removeUrl_1532386" removeurlchild_1532387="AjaxOrderItemUpdate?calculateOrder=1&amp;itemType=&amp;productId=&amp;ordItemUpdateFlag=2&amp;orderId=.&amp;updatePrices=1&amp;authToken=-1002%252C3jIiHU%252F3lFc4jalpGDAhYOztAdQ%253D&amp;calculationUsage=-1,-2,-3&amp;storeId=10151&amp;errorViewName=AjaxQuickCartDisplay&amp;URL=AjaxQuickCartDisplay&amp;catEntryId=1532387&amp;productSKU=&amp;orderItemId_0=&amp;qtyDecremented=true&amp;langId=44&amp;quantity_0=0">           
         
       <input type="hidden" name="callAjax" value="false">
       
    
    <div class="add2Cart " id="addQtyPanelProduct_1532386">    
        
            <a class="button process addQty  " id="addQty_1532386" href="#">
                Add
            </a>

            <input type="hidden" name="Add" value="Add">
        
    </div>

</form>
<!-- END AddToTrolley.jsp -->
                                    </div>  
                                
                    </div><!-- END priceTabContainer Add container --><!-- Subscribe container --><!-- Start AddToSubscriptionList.jspf --><!-- Start AddToSubscriptionList.jsp --><!-- End AddToSubscriptionList.jsp --><!-- End AddToSubscriptionList.jspf --> 
                </div>  
            </div>  
        </div>
    </div>     
    </div> 
    <div id="additionalItems_1532387" class="additionalItems">
        <!-- BEGIN MerchandisingAssociationsDisplay.jsp --><!-- Start - JSP File Name:  MerchandisingAssociationsDisplay.jsp --><!-- END MerchandisingAssociationsDisplay.jsp -->  
    </div> 

<!-- END CatalogEntryThumbnailDisplay.jsp -->
                            </li>
                        
                            <li>
                                
                                                <div class="trolleySummary"><p class="saving">
                                                         <!-- %@ include file="../../include/PromotionStrapline.jspf"% -->
                                                </p></div>
                                            
                                                <div class="trolleySummary"><p class="saving">
                                                         <!-- %@ include file="../../include/PromotionStrapline.jspf"% -->
                                                </p></div>
                                            
                                                <div class="trolleySummary"><p class="saving">
                                                         <!-- %@ include file="../../include/PromotionStrapline.jspf"% -->
                                                </p></div>
                                            <!-- BEGIN CatalogEntryThumbnailDisplay.jsp -->
    <div class="product ">
        
        <div class="errorBanner hidden" id="error1499622"></div>
                        
        
        <div class="productInner">
            <div class="productInfoWrapper">
                <div class="productInfo">
                    
                            <h3>
                                <a href="https://www.sainsburys.co.uk/shop/gb/groceries/product/details/dairylea-dunkers-jumbo-tubes-cheese-snacks-41g">
                                    Dairylea Dunkers Jumbo Tubes Cheese Snacks 41g
                                    <img src="https://assets.sainsburys-groceries.co.uk/gol/8166928/image.jpg" alt="">
                                </a>
                            </h3>
                        
<div class="promotion">

                        <p>
                            <a strapline="Meal Deal for Â£5.00 | 8166928" href="https://www.sainsburys.co.uk/shop/PromotionDisplayView?listId=2&amp;catalogId=10241&amp;productId=1499622&amp;langId=44&amp;storeId=10151&amp;promotionId=10664136"><!-- BEGIN include/PromotionStrapline.jspf -->Meal Deal for Â£5.00<br>

<!-- FINISH include/PromotionStrapline.jspf -->
                            </a>
                        </p>
                    
                        <p>
                            <a strapline="Meal Deal for Â£3.75 | 8166928" href="https://www.sainsburys.co.uk/shop/PromotionDisplayView?listId=2&amp;catalogId=10241&amp;productId=1499622&amp;langId=44&amp;storeId=10151&amp;promotionId=10669742">PLUS <!-- BEGIN include/PromotionStrapline.jspf -->Meal Deal for Â£3.75<br>

<!-- FINISH include/PromotionStrapline.jspf -->
                            </a>
                        </p>
                                
</div>

                    <div class="ThumbnailRoundel">
                    <!--ThumbnailRoundel --> 
                    </div>
                    <div class="promoBages">
                        <!-- PROMOTION -->
                    </div>


                    <!-- Review --><!-- BEGIN CatalogEntryRatingsReviewsInfo.jspf --><!-- productAllowedRatingsAndReviews: true -->
<div class="reviews">

    <a class="numberOfReviews" href="https://www.sainsburys.co.uk/shop/gb/groceries/product/details/dairylea-dunkers-jumbo-tubes-cheese-snacks-41g">
        <img src="//www.sainsburys.co.uk/wcsstore7.137.2/SainsburysStorefrontAssetStore/img/stars/rating-4_5.gif" alt="4.5" border="0">&nbsp; 
        Reviews (4)
    </a>

</div>
<!-- END CatalogEntryRatingsReviewsInfo.jspf -->
                </div>
                <!--ThumbnailRestriction -->
            </div>
            
            <div class="addToTrolleytabBox">
            <!-- addToTrolleytabBox LIST VIEW--><!-- Start UserSubscribedOrNot.jspf --><!-- Start UserSubscribedOrNot.jsp --><!-- 
    If the user is not logged in, render this opening 
    DIV adding an addtional class to fix the border top which is removed 
    and replaced by the tabs
-->
<div class="addToTrolleytabContainer addItemBorderTop">
<!-- End AddToSubscriptionList.jsp --><!-- End AddSubscriptionList.jspf --><!-- 
                    ATTENTION!!!
                    <div class="addToTrolleytabContainer">
                    This opening div is inside "../../ReusableObjects/UserSubscribedOrNot.jsp"
                    -->
                <div class="pricingAndTrolleyOptions">  
                    <div class="priceTab activeContainer priceTabContainer" id="addItem_1499623"> 
                        <div class="pricing">
                            
<p class="pricePerUnit">
Â£1.30 
</p>

<p class="pricePerMeasure">Â£3.17<abbr title="per">/</abbr>100<abbr title="gram"><span class="pricePerMeasureMeasure">g</span></abbr>
</p>

                                
                        </div>  
                          
                                    <div class="addToTrolleyForm ">   
                                        <!-- BEGIN AddToTrolley.jsp --><!-- fire an on add to bag here from  -->

<form class="addToTrolleyForm" name="OrderItemAddForm_1499622" action="OrderItemAdd" method="post" id="OrderItemAddForm_1499622">
    <input type="hidden" name="storeId" value="10151">
    <input type="hidden" name="langId" value="44">
    <input type="hidden" name="catalogId" value="10241">
    <input type="hidden" name="authToken" id="authToken1499622" value="-1002%2C3jIiHU%2F3lFc4jalpGDAhYOztAdQ%3D">
    
    
    <input type="hidden" name="errorViewName" value="PromotionDisplayView">
    <input type="hidden" name="SKU_ID" value="8166928">
    <input type="hidden" name="itemType" value="">
    <input type="hidden" name="parentSKU" value="">
    
    
       <input type="hidden" id="productCatentryId_1499623" value="1499622">
       <input type="hidden" id="catEntryId_1499622" value="1499623">
       <input type="hidden" name="ItemSKU_ID" value="8166928">
     
        
        <div class="quantity hidden" id="updateQtyPanelProduct_1499622" data-qty="">
            <ul>
                <li>
                    <a class="button decreaseQty " id="decreaseQty_1499622" href="#">-</a> 
                </li>
                <li>	
                    <label class="access" for="quantity_1499622">Quantity</label>						
                    <a href="#" class="button quantityPlp  " id="quantityUpdate_1499622">
                        </a>
                    <input name="quantity" id="quantity_1499622" type="hidden" size="3" value="" class="quantity">		        
                </li>
                <li>
                    
                    <a class="button increaseQty " id="increaseQty_1499622" href="#">+</a>
                </li>
            </ul>
        </div>				
            
        
            <input type="hidden" name="catEntryId" value="1499623">
        

        <input type="hidden" name="productId" value="1499622">
        

    <input type="hidden" name="URL" value="https://www.sainsburys.co.uk/webapp/wcs/stores/servlet/PromotionDisplayView?listId=2&amp;catalogId=10241&amp;productId=1117540&amp;langId=44&amp;storeId=10151&amp;promotionId=10669742">
    <input type="hidden" name="page" value="">
    <input type="hidden" name="contractId" value="">
    <input type="hidden" name="calculateOrder" value="1">
    <input type="hidden" name="calculationUsage" value="-1,-2,-3">
    <input type="hidden" name="updateable" value="1">
    <input type="hidden" name="merge" value="***">

                                  
            <input type="hidden" id="updateUrl_1499622" updateurlchild_1499623="AjaxOrderItemUpdate?calculateOrder=1&amp;itemType=&amp;ordItemUpdateFlag=0&amp;orderId=.&amp;updatePrices=1&amp;authToken=-1002%252C3jIiHU%252F3lFc4jalpGDAhYOztAdQ%253D&amp;calculationUsage=-1,-2,-3&amp;storeId=10151&amp;errorViewName=AjaxQuickCartDisplay&amp;URL=AjaxQuickCartDisplay&amp;catEntryId=1499623&amp;orderItemId_0=&amp;UOM_0=&amp;langId=44&amp;quantity_0=1">
            <input type="hidden" id="removeUrl_1499622" removeurlchild_1499623="AjaxOrderItemUpdate?calculateOrder=1&amp;itemType=&amp;productId=&amp;ordItemUpdateFlag=2&amp;orderId=.&amp;updatePrices=1&amp;authToken=-1002%252C3jIiHU%252F3lFc4jalpGDAhYOztAdQ%253D&amp;calculationUsage=-1,-2,-3&amp;storeId=10151&amp;errorViewName=AjaxQuickCartDisplay&amp;URL=AjaxQuickCartDisplay&amp;catEntryId=1499623&amp;productSKU=&amp;orderItemId_0=&amp;qtyDecremented=true&amp;langId=44&amp;quantity_0=0">           
         
       <input type="hidden" name="callAjax" value="false">
       
    
    <div class="add2Cart " id="addQtyPanelProduct_1499622">    
        
            <a class="button process addQty  " id="addQty_1499622" href="#">
                Add
            </a>

            <input type="hidden" name="Add" value="Add">
        
    </div>

</form>
<!-- END AddToTrolley.jsp -->
                                    </div>  
                                
                    </div><!-- END priceTabContainer Add container --><!-- Subscribe container --><!-- Start AddToSubscriptionList.jspf --><!-- Start AddToSubscriptionList.jsp --><!-- End AddToSubscriptionList.jsp --><!-- End AddToSubscriptionList.jspf --> 
                </div>  
            </div>  
        </div>
    </div>     
    </div> 
    <div id="additionalItems_1499623" class="additionalItems">
        <!-- BEGIN MerchandisingAssociationsDisplay.jsp --><!-- Start - JSP File Name:  MerchandisingAssociationsDisplay.jsp --><!-- END MerchandisingAssociationsDisplay.jsp -->  
    </div> 

<!-- END CatalogEntryThumbnailDisplay.jsp -->
                            </li>
                        
                            <li>
                                
                                                <div class="trolleySummary"><p class="saving">
                                                         <!-- %@ include file="../../include/PromotionStrapline.jspf"% -->
                                                </p></div>
                                            
                                                <div class="trolleySummary"><p class="saving">
                                                         <!-- %@ include file="../../include/PromotionStrapline.jspf"% -->
                                                </p></div>
                                            
                                                <div class="trolleySummary"><p class="saving">
                                                         <!-- %@ include file="../../include/PromotionStrapline.jspf"% -->
                                                </p></div>
                                            <!-- BEGIN CatalogEntryThumbnailDisplay.jsp -->
    <div class="product ">
        
        <div class="errorBanner hidden" id="error1523658"></div>
                        
        
        <div class="productInner">
            <div class="productInfoWrapper">
                <div class="productInfo">
                    
                            <h3>
                                <a href="https://www.sainsburys.co.uk/shop/gb/groceries/product/details/sainsburys-falafels-x4-80g">
                                    Sainsbury's Falafels x4 80g
                                    <img src="https://assets.sainsburys-groceries.co.uk/gol/8187731/image.jpg" alt="">
                                </a>
                            </h3>
                        
<div class="promotion">

                        <p>
                            <a strapline="Meal Deal for Â£5.00 | 8187731" href="https://www.sainsburys.co.uk/shop/PromotionDisplayView?listId=2&amp;catalogId=10241&amp;productId=1523658&amp;langId=44&amp;storeId=10151&amp;promotionId=10664136"><!-- BEGIN include/PromotionStrapline.jspf -->Meal Deal for Â£5.00<br>

<!-- FINISH include/PromotionStrapline.jspf -->
                            </a>
                        </p>
                    
                        <p>
                            <a strapline="Meal Deal for Â£3.75 | 8187731" href="https://www.sainsburys.co.uk/shop/PromotionDisplayView?listId=2&amp;catalogId=10241&amp;productId=1523658&amp;langId=44&amp;storeId=10151&amp;promotionId=10669742">PLUS <!-- BEGIN include/PromotionStrapline.jspf -->Meal Deal for Â£3.75<br>

<!-- FINISH include/PromotionStrapline.jspf -->
                            </a>
                        </p>
                                
</div>

                    <div class="ThumbnailRoundel">
                    <!--ThumbnailRoundel --> 
                    </div>
                    <div class="promoBages">
                        <!-- PROMOTION -->
                    </div>


                    <!-- Review --><!-- BEGIN CatalogEntryRatingsReviewsInfo.jspf --><!-- productAllowedRatingsAndReviews: true -->
<div class="reviews">

    <a class="numberOfReviews" href="https://www.sainsburys.co.uk/shop/gb/groceries/product/details/sainsburys-falafels-x4-80g">
        <img src="//www.sainsburys.co.uk/wcsstore7.137.2/SainsburysStorefrontAssetStore/img/stars/rating-2_7.gif" alt="2.6923" border="0">&nbsp; 
        Reviews (13)
    </a>

</div>
<!-- END CatalogEntryRatingsReviewsInfo.jspf -->
                </div>
                <!--ThumbnailRestriction -->
            </div>
            
            <div class="addToTrolleytabBox">
            <!-- addToTrolleytabBox LIST VIEW--><!-- Start UserSubscribedOrNot.jspf --><!-- Start UserSubscribedOrNot.jsp --><!-- 
    If the user is not logged in, render this opening 
    DIV adding an addtional class to fix the border top which is removed 
    and replaced by the tabs
-->
<div class="addToTrolleytabContainer addItemBorderTop">
<!-- End AddToSubscriptionList.jsp --><!-- End AddSubscriptionList.jspf --><!-- 
                    ATTENTION!!!
                    <div class="addToTrolleytabContainer">
                    This opening div is inside "../../ReusableObjects/UserSubscribedOrNot.jsp"
                    -->
                <div class="pricingAndTrolleyOptions">  
                    <div class="priceTab activeContainer priceTabContainer" id="addItem_1523659"> 
                        <div class="pricing">
                            
<p class="pricePerUnit">
Â£1.30 
</p>

<p class="pricePerMeasure">Â£1.63<abbr title="per">/</abbr>100<abbr title="gram"><span class="pricePerMeasureMeasure">g</span></abbr>
</p>

                                
                        </div>  
                          
                                    <div class="addToTrolleyForm ">   
                                        <!-- BEGIN AddToTrolley.jsp --><!-- fire an on add to bag here from  -->

<form class="addToTrolleyForm" name="OrderItemAddForm_1523658" action="OrderItemAdd" method="post" id="OrderItemAddForm_1523658">
    <input type="hidden" name="storeId" value="10151">
    <input type="hidden" name="langId" value="44">
    <input type="hidden" name="catalogId" value="10241">
    <input type="hidden" name="authToken" id="authToken1523658" value="-1002%2C3jIiHU%2F3lFc4jalpGDAhYOztAdQ%3D">
    
    
    <input type="hidden" name="errorViewName" value="PromotionDisplayView">
    <input type="hidden" name="SKU_ID" value="8187731">
    <input type="hidden" name="itemType" value="">
    <input type="hidden" name="parentSKU" value="">
    
    
       <input type="hidden" id="productCatentryId_1523659" value="1523658">
       <input type="hidden" id="catEntryId_1523658" value="1523659">
       <input type="hidden" name="ItemSKU_ID" value="8187731">
     
        
        <div class="quantity hidden" id="updateQtyPanelProduct_1523658" data-qty="">
            <ul>
                <li>
                    <a class="button decreaseQty " id="decreaseQty_1523658" href="#">-</a> 
                </li>
                <li>	
                    <label class="access" for="quantity_1523658">Quantity</label>						
                    <a href="#" class="button quantityPlp  " id="quantityUpdate_1523658">
                        </a>
                    <input name="quantity" id="quantity_1523658" type="hidden" size="3" value="" class="quantity">		        
                </li>
                <li>
                    
                    <a class="button increaseQty " id="increaseQty_1523658" href="#">+</a>
                </li>
            </ul>
        </div>				
            
        
            <input type="hidden" name="catEntryId" value="1523659">
        

        <input type="hidden" name="productId" value="1523658">
        

    <input type="hidden" name="URL" value="https://www.sainsburys.co.uk/webapp/wcs/stores/servlet/PromotionDisplayView?listId=2&amp;catalogId=10241&amp;productId=1117540&amp;langId=44&amp;storeId=10151&amp;promotionId=10669742">
    <input type="hidden" name="page" value="">
    <input type="hidden" name="contractId" value="">
    <input type="hidden" name="calculateOrder" value="1">
    <input type="hidden" name="calculationUsage" value="-1,-2,-3">
    <input type="hidden" name="updateable" value="1">
    <input type="hidden" name="merge" value="***">

                                  
            <input type="hidden" id="updateUrl_1523658" updateurlchild_1523659="AjaxOrderItemUpdate?calculateOrder=1&amp;itemType=&amp;ordItemUpdateFlag=0&amp;orderId=.&amp;updatePrices=1&amp;authToken=-1002%252C3jIiHU%252F3lFc4jalpGDAhYOztAdQ%253D&amp;calculationUsage=-1,-2,-3&amp;storeId=10151&amp;errorViewName=AjaxQuickCartDisplay&amp;URL=AjaxQuickCartDisplay&amp;catEntryId=1523659&amp;orderItemId_0=&amp;UOM_0=&amp;langId=44&amp;quantity_0=1">
            <input type="hidden" id="removeUrl_1523658" removeurlchild_1523659="AjaxOrderItemUpdate?calculateOrder=1&amp;itemType=&amp;productId=&amp;ordItemUpdateFlag=2&amp;orderId=.&amp;updatePrices=1&amp;authToken=-1002%252C3jIiHU%252F3lFc4jalpGDAhYOztAdQ%253D&amp;calculationUsage=-1,-2,-3&amp;storeId=10151&amp;errorViewName=AjaxQuickCartDisplay&amp;URL=AjaxQuickCartDisplay&amp;catEntryId=1523659&amp;productSKU=&amp;orderItemId_0=&amp;qtyDecremented=true&amp;langId=44&amp;quantity_0=0">           
         
       <input type="hidden" name="callAjax" value="false">
       
    
    <div class="add2Cart " id="addQtyPanelProduct_1523658">    
        
            <a class="button process addQty  " id="addQty_1523658" href="#">
                Add
            </a>

            <input type="hidden" name="Add" value="Add">
        
    </div>

</form>
<!-- END AddToTrolley.jsp -->
                                    </div>  
                                
                    </div><!-- END priceTabContainer Add container --><!-- Subscribe container --><!-- Start AddToSubscriptionList.jspf --><!-- Start AddToSubscriptionList.jsp --><!-- End AddToSubscriptionList.jsp --><!-- End AddToSubscriptionList.jspf --> 
                </div>  
            </div>  
        </div>
    </div>     
    </div> 
    <div id="additionalItems_1523659" class="additionalItems">
        <!-- BEGIN MerchandisingAssociationsDisplay.jsp --><!-- Start - JSP File Name:  MerchandisingAssociationsDisplay.jsp --><!-- END MerchandisingAssociationsDisplay.jsp -->  
    </div> 

<!-- END CatalogEntryThumbnailDisplay.jsp -->
                            </li>
                        
                            <li>
                                
                                                <div class="trolleySummary"><p class="saving">
                                                         <!-- %@ include file="../../include/PromotionStrapline.jspf"% -->
                                                </p></div>
                                            
                                                <div class="trolleySummary"><p class="saving">
                                                         <!-- %@ include file="../../include/PromotionStrapline.jspf"% -->
                                                </p></div>
                                            
                                                <div class="trolleySummary"><p class="saving">
                                                         <!-- %@ include file="../../include/PromotionStrapline.jspf"% -->
                                                </p></div>
                                            <!-- BEGIN CatalogEntryThumbnailDisplay.jsp -->
    <div class="product ">
        
        <div class="errorBanner hidden" id="error1532812"></div>
                        
        
        <div class="productInner">
            <div class="productInfoWrapper">
                <div class="productInfo">
                    
                            <h3>
                                <a href="https://www.sainsburys.co.uk/shop/gb/groceries/product/details/soreen-malt-loaf-slices-x2-45g">
                                    Soreen Malt Loaf Slices x2 45g
                                    <img src="https://assets.sainsburys-groceries.co.uk/gol/8193596/image.jpg" alt="">
                                </a>
                            </h3>
                        
<div class="promotion">

                        <p>
                            <a strapline="Meal Deal for Â£5.00 | 8193596" href="https://www.sainsburys.co.uk/shop/PromotionDisplayView?listId=2&amp;catalogId=10241&amp;productId=1532812&amp;langId=44&amp;storeId=10151&amp;promotionId=10664136"><!-- BEGIN include/PromotionStrapline.jspf -->Meal Deal for Â£5.00<br>

<!-- FINISH include/PromotionStrapline.jspf -->
                            </a>
                        </p>
                    
                        <p>
                            <a strapline="Meal Deal for Â£3.75 | 8193596" href="https://www.sainsburys.co.uk/shop/PromotionDisplayView?listId=2&amp;catalogId=10241&amp;productId=1532812&amp;langId=44&amp;storeId=10151&amp;promotionId=10669742">PLUS <!-- BEGIN include/PromotionStrapline.jspf -->Meal Deal for Â£3.75<br>

<!-- FINISH include/PromotionStrapline.jspf -->
                            </a>
                        </p>
                                
</div>

                    <div class="ThumbnailRoundel">
                    <!--ThumbnailRoundel --> 
                    </div>
                    <div class="promoBages">
                        <!-- PROMOTION -->
                    </div>


                    <!-- Review --><!-- BEGIN CatalogEntryRatingsReviewsInfo.jspf --><!-- productAllowedRatingsAndReviews: true -->
<div class="reviews">

    <a class="numberOfReviews" href="https://www.sainsburys.co.uk/shop/gb/groceries/product/details/soreen-malt-loaf-slices-x2-45g">
        <img src="//www.sainsburys.co.uk/wcsstore7.137.2/SainsburysStorefrontAssetStore/img/stars/rating-4_2.gif" alt="4.1667" border="0">&nbsp; 
        Reviews (6)
    </a>

</div>
<!-- END CatalogEntryRatingsReviewsInfo.jspf -->
                </div>
                <!--ThumbnailRestriction -->
            </div>
            
            <div class="addToTrolleytabBox">
            <!-- addToTrolleytabBox LIST VIEW--><!-- Start UserSubscribedOrNot.jspf --><!-- Start UserSubscribedOrNot.jsp --><!-- 
    If the user is not logged in, render this opening 
    DIV adding an addtional class to fix the border top which is removed 
    and replaced by the tabs
-->
<div class="addToTrolleytabContainer addItemBorderTop">
<!-- End AddToSubscriptionList.jsp --><!-- End AddSubscriptionList.jspf --><!-- 
                    ATTENTION!!!
                    <div class="addToTrolleytabContainer">
                    This opening div is inside "../../ReusableObjects/UserSubscribedOrNot.jsp"
                    -->
                <div class="pricingAndTrolleyOptions">  
                    <div class="priceTab activeContainer priceTabContainer" id="addItem_1532813"> 
                        <div class="pricing">
                            
<p class="pricePerUnit">
Â£1.30 
</p>

<p class="pricePerMeasure">Â£2.89<abbr title="per">/</abbr>100<abbr title="gram"><span class="pricePerMeasureMeasure">g</span></abbr>
</p>

                                
                        </div>  
                          
                                    <div class="addToTrolleyForm ">   
                                        <!-- BEGIN AddToTrolley.jsp --><!-- fire an on add to bag here from  -->

<form class="addToTrolleyForm" name="OrderItemAddForm_1532812" action="OrderItemAdd" method="post" id="OrderItemAddForm_1532812">
    <input type="hidden" name="storeId" value="10151">
    <input type="hidden" name="langId" value="44">
    <input type="hidden" name="catalogId" value="10241">
    <input type="hidden" name="authToken" id="authToken1532812" value="-1002%2C3jIiHU%2F3lFc4jalpGDAhYOztAdQ%3D">
    
    
    <input type="hidden" name="errorViewName" value="PromotionDisplayView">
    <input type="hidden" name="SKU_ID" value="8193596">
    <input type="hidden" name="itemType" value="">
    <input type="hidden" name="parentSKU" value="">
    
    
       <input type="hidden" id="productCatentryId_1532813" value="1532812">
       <input type="hidden" id="catEntryId_1532812" value="1532813">
       <input type="hidden" name="ItemSKU_ID" value="8193596">
     
        
        <div class="quantity hidden" id="updateQtyPanelProduct_1532812" data-qty="">
            <ul>
                <li>
                    <a class="button decreaseQty " id="decreaseQty_1532812" href="#">-</a> 
                </li>
                <li>	
                    <label class="access" for="quantity_1532812">Quantity</label>						
                    <a href="#" class="button quantityPlp  " id="quantityUpdate_1532812">
                        </a>
                    <input name="quantity" id="quantity_1532812" type="hidden" size="3" value="" class="quantity">		        
                </li>
                <li>
                    
                    <a class="button increaseQty " id="increaseQty_1532812" href="#">+</a>
                </li>
            </ul>
        </div>				
            
        
            <input type="hidden" name="catEntryId" value="1532813">
        

        <input type="hidden" name="productId" value="1532812">
        

    <input type="hidden" name="URL" value="https://www.sainsburys.co.uk/webapp/wcs/stores/servlet/PromotionDisplayView?listId=2&amp;catalogId=10241&amp;productId=1117540&amp;langId=44&amp;storeId=10151&amp;promotionId=10669742">
    <input type="hidden" name="page" value="">
    <input type="hidden" name="contractId" value="">
    <input type="hidden" name="calculateOrder" value="1">
    <input type="hidden" name="calculationUsage" value="-1,-2,-3">
    <input type="hidden" name="updateable" value="1">
    <input type="hidden" name="merge" value="***">

                                  
            <input type="hidden" id="updateUrl_1532812" updateurlchild_1532813="AjaxOrderItemUpdate?calculateOrder=1&amp;itemType=&amp;ordItemUpdateFlag=0&amp;orderId=.&amp;updatePrices=1&amp;authToken=-1002%252C3jIiHU%252F3lFc4jalpGDAhYOztAdQ%253D&amp;calculationUsage=-1,-2,-3&amp;storeId=10151&amp;errorViewName=AjaxQuickCartDisplay&amp;URL=AjaxQuickCartDisplay&amp;catEntryId=1532813&amp;orderItemId_0=&amp;UOM_0=&amp;langId=44&amp;quantity_0=1">
            <input type="hidden" id="removeUrl_1532812" removeurlchild_1532813="AjaxOrderItemUpdate?calculateOrder=1&amp;itemType=&amp;productId=&amp;ordItemUpdateFlag=2&amp;orderId=.&amp;updatePrices=1&amp;authToken=-1002%252C3jIiHU%252F3lFc4jalpGDAhYOztAdQ%253D&amp;calculationUsage=-1,-2,-3&amp;storeId=10151&amp;errorViewName=AjaxQuickCartDisplay&amp;URL=AjaxQuickCartDisplay&amp;catEntryId=1532813&amp;productSKU=&amp;orderItemId_0=&amp;qtyDecremented=true&amp;langId=44&amp;quantity_0=0">           
         
       <input type="hidden" name="callAjax" value="false">
       
    
    <div class="add2Cart " id="addQtyPanelProduct_1532812">    
        
            <a class="button process addQty  " id="addQty_1532812" href="#">
                Add
            </a>

            <input type="hidden" name="Add" value="Add">
        
    </div>

</form>
<!-- END AddToTrolley.jsp -->
                                    </div>  
                                
                    </div><!-- END priceTabContainer Add container --><!-- Subscribe container --><!-- Start AddToSubscriptionList.jspf --><!-- Start AddToSubscriptionList.jsp --><!-- End AddToSubscriptionList.jsp --><!-- End AddToSubscriptionList.jspf --> 
                </div>  
            </div>  
        </div>
    </div>     
    </div> 
    <div id="additionalItems_1532813" class="additionalItems">
        <!-- BEGIN MerchandisingAssociationsDisplay.jsp --><!-- Start - JSP File Name:  MerchandisingAssociationsDisplay.jsp --><!-- END MerchandisingAssociationsDisplay.jsp -->  
    </div> 

<!-- END CatalogEntryThumbnailDisplay.jsp -->
                            </li>
                        
                            <li>
                                
                                                <div class="trolleySummary"><p class="saving">
                                                         <!-- %@ include file="../../include/PromotionStrapline.jspf"% -->
                                                </p></div>
                                            
                                                <div class="trolleySummary"><p class="saving">
                                                         <!-- %@ include file="../../include/PromotionStrapline.jspf"% -->
                                                </p></div>
                                            
                                                <div class="trolleySummary"><p class="saving">
                                                         <!-- %@ include file="../../include/PromotionStrapline.jspf"% -->
                                                </p></div>
                                            <!-- BEGIN CatalogEntryThumbnailDisplay.jsp -->
    <div class="product ">
        
        <div class="errorBanner hidden" id="error1545902"></div>
                        
        
        <div class="productInner">
            <div class="productInfoWrapper">
                <div class="productInfo">
                    
                            <h3>
                                <a href="https://www.sainsburys.co.uk/shop/gb/groceries/product/details/pipers-burrow-hill-cider-vinegar-sea-salt-crisps-40g">
                                    Pipers Burrow Hill Cider Vinegar &amp; Sea Salt Crisps 40g
                                    <img src="https://assets.sainsburys-groceries.co.uk/gol/8133606/image.jpg" alt="">
                                </a>
                            </h3>
                        
<div class="promotion">

                        <p>
                            <a strapline="Meal Deal for Â£5.00 | 8133606" href="https://www.sainsburys.co.uk/shop/PromotionDisplayView?listId=2&amp;catalogId=10241&amp;productId=1545902&amp;langId=44&amp;storeId=10151&amp;promotionId=10664136"><!-- BEGIN include/PromotionStrapline.jspf -->Meal Deal for Â£5.00<br>

<!-- FINISH include/PromotionStrapline.jspf -->
                            </a>
                        </p>
                    
                        <p>
                            <a strapline="Meal Deal for Â£3.75 | 8133606" href="https://www.sainsburys.co.uk/shop/PromotionDisplayView?listId=2&amp;catalogId=10241&amp;productId=1545902&amp;langId=44&amp;storeId=10151&amp;promotionId=10669742">PLUS <!-- BEGIN include/PromotionStrapline.jspf -->Meal Deal for Â£3.75<br>

<!-- FINISH include/PromotionStrapline.jspf -->
                            </a>
                        </p>
                                
</div>

                    <div class="ThumbnailRoundel">
                    <!--ThumbnailRoundel --> 
                    </div>
                    <div class="promoBages">
                        <!-- PROMOTION -->
                    </div>


                    <!-- Review --><!-- BEGIN CatalogEntryRatingsReviewsInfo.jspf --><!-- productAllowedRatingsAndReviews: true -->
<div class="reviews">

    <a class="numberOfReviews" href="https://www.sainsburys.co.uk/shop/gb/groceries/product/details/pipers-burrow-hill-cider-vinegar-sea-salt-crisps-40g">
        <img src="//www.sainsburys.co.uk/wcsstore7.137.2/SainsburysStorefrontAssetStore/img/stars/rating-4_0.gif" alt="4.0" border="0">&nbsp; 
        Reviews (1)
    </a>

</div>
<!-- END CatalogEntryRatingsReviewsInfo.jspf -->
                </div>
                <!--ThumbnailRestriction -->
            </div>
            
            <div class="addToTrolleytabBox">
            <!-- addToTrolleytabBox LIST VIEW--><!-- Start UserSubscribedOrNot.jspf --><!-- Start UserSubscribedOrNot.jsp --><!-- 
    If the user is not logged in, render this opening 
    DIV adding an addtional class to fix the border top which is removed 
    and replaced by the tabs
-->
<div class="addToTrolleytabContainer addItemBorderTop">
<!-- End AddToSubscriptionList.jsp --><!-- End AddSubscriptionList.jspf --><!-- 
                    ATTENTION!!!
                    <div class="addToTrolleytabContainer">
                    This opening div is inside "../../ReusableObjects/UserSubscribedOrNot.jsp"
                    -->
                <div class="pricingAndTrolleyOptions">  
                    <div class="priceTab activeContainer priceTabContainer" id="addItem_1545903"> 
                        <div class="pricing">
                            
<p class="pricePerUnit">
Â£1.35 
</p>

<p class="pricePerMeasure">Â£3.38<abbr title="per">/</abbr>100<abbr title="gram"><span class="pricePerMeasureMeasure">g</span></abbr>
</p>

                                
                        </div>  
                          
                                    <div class="addToTrolleyForm ">   
                                        <!-- BEGIN AddToTrolley.jsp --><!-- fire an on add to bag here from  -->

<form class="addToTrolleyForm" name="OrderItemAddForm_1545902" action="OrderItemAdd" method="post" id="OrderItemAddForm_1545902">
    <input type="hidden" name="storeId" value="10151">
    <input type="hidden" name="langId" value="44">
    <input type="hidden" name="catalogId" value="10241">
    <input type="hidden" name="authToken" id="authToken1545902" value="-1002%2C3jIiHU%2F3lFc4jalpGDAhYOztAdQ%3D">
    
    
    <input type="hidden" name="errorViewName" value="PromotionDisplayView">
    <input type="hidden" name="SKU_ID" value="8133606">
    <input type="hidden" name="itemType" value="">
    <input type="hidden" name="parentSKU" value="">
    
    
       <input type="hidden" id="productCatentryId_1545903" value="1545902">
       <input type="hidden" id="catEntryId_1545902" value="1545903">
       <input type="hidden" name="ItemSKU_ID" value="8133606">
     
        
        <div class="quantity hidden" id="updateQtyPanelProduct_1545902" data-qty="">
            <ul>
                <li>
                    <a class="button decreaseQty " id="decreaseQty_1545902" href="#">-</a> 
                </li>
                <li>	
                    <label class="access" for="quantity_1545902">Quantity</label>						
                    <a href="#" class="button quantityPlp  " id="quantityUpdate_1545902">
                        </a>
                    <input name="quantity" id="quantity_1545902" type="hidden" size="3" value="" class="quantity">		        
                </li>
                <li>
                    
                    <a class="button increaseQty " id="increaseQty_1545902" href="#">+</a>
                </li>
            </ul>
        </div>				
            
        
            <input type="hidden" name="catEntryId" value="1545903">
        

        <input type="hidden" name="productId" value="1545902">
        

    <input type="hidden" name="URL" value="https://www.sainsburys.co.uk/webapp/wcs/stores/servlet/PromotionDisplayView?listId=2&amp;catalogId=10241&amp;productId=1117540&amp;langId=44&amp;storeId=10151&amp;promotionId=10669742">
    <input type="hidden" name="page" value="">
    <input type="hidden" name="contractId" value="">
    <input type="hidden" name="calculateOrder" value="1">
    <input type="hidden" name="calculationUsage" value="-1,-2,-3">
    <input type="hidden" name="updateable" value="1">
    <input type="hidden" name="merge" value="***">

                                  
            <input type="hidden" id="updateUrl_1545902" updateurlchild_1545903="AjaxOrderItemUpdate?calculateOrder=1&amp;itemType=&amp;ordItemUpdateFlag=0&amp;orderId=.&amp;updatePrices=1&amp;authToken=-1002%252C3jIiHU%252F3lFc4jalpGDAhYOztAdQ%253D&amp;calculationUsage=-1,-2,-3&amp;storeId=10151&amp;errorViewName=AjaxQuickCartDisplay&amp;URL=AjaxQuickCartDisplay&amp;catEntryId=1545903&amp;orderItemId_0=&amp;UOM_0=&amp;langId=44&amp;quantity_0=1">
            <input type="hidden" id="removeUrl_1545902" removeurlchild_1545903="AjaxOrderItemUpdate?calculateOrder=1&amp;itemType=&amp;productId=&amp;ordItemUpdateFlag=2&amp;orderId=.&amp;updatePrices=1&amp;authToken=-1002%252C3jIiHU%252F3lFc4jalpGDAhYOztAdQ%253D&amp;calculationUsage=-1,-2,-3&amp;storeId=10151&amp;errorViewName=AjaxQuickCartDisplay&amp;URL=AjaxQuickCartDisplay&amp;catEntryId=1545903&amp;productSKU=&amp;orderItemId_0=&amp;qtyDecremented=true&amp;langId=44&amp;quantity_0=0">           
         
       <input type="hidden" name="callAjax" value="false">
       
    
    <div class="add2Cart " id="addQtyPanelProduct_1545902">    
        
            <a class="button process addQty  " id="addQty_1545902" href="#">
                Add
            </a>

            <input type="hidden" name="Add" value="Add">
        
    </div>

</form>
<!-- END AddToTrolley.jsp -->
                                    </div>  
                                
                    </div><!-- END priceTabContainer Add container --><!-- Subscribe container --><!-- Start AddToSubscriptionList.jspf --><!-- Start AddToSubscriptionList.jsp --><!-- End AddToSubscriptionList.jsp --><!-- End AddToSubscriptionList.jspf --> 
                </div>  
            </div>  
        </div>
    </div>     
    </div> 
    <div id="additionalItems_1545903" class="additionalItems">
        <!-- BEGIN MerchandisingAssociationsDisplay.jsp --><!-- Start - JSP File Name:  MerchandisingAssociationsDisplay.jsp --><!-- END MerchandisingAssociationsDisplay.jsp -->  
    </div> 

<!-- END CatalogEntryThumbnailDisplay.jsp -->
                            </li>
                        
                            <li>
                                
                                                <div class="trolleySummary"><p class="saving">
                                                         <!-- %@ include file="../../include/PromotionStrapline.jspf"% -->
                                                </p></div>
                                            
                                                <div class="trolleySummary"><p class="saving">
                                                         <!-- %@ include file="../../include/PromotionStrapline.jspf"% -->
                                                </p></div>
                                            
                                                <div class="trolleySummary"><p class="saving">
                                                         <!-- %@ include file="../../include/PromotionStrapline.jspf"% -->
                                                </p></div>
                                            <!-- BEGIN CatalogEntryThumbnailDisplay.jsp -->
    <div class="product ">
        
        <div class="errorBanner hidden" id="error1546276"></div>
                        
        
        <div class="productInner">
            <div class="productInfoWrapper">
                <div class="productInfo">
                    
                            <h3>
                                <a href="https://www.sainsburys.co.uk/shop/gb/groceries/product/details/cheez-it-snapd-double-cheese-baked-snacks-40g">
                                    Cheez-It Double Cheese Thin &amp; Crispy Baked Snacks 40g
                                    <img src="https://assets.sainsburys-groceries.co.uk/gol/8205435/image.jpg" alt="">
                                </a>
                            </h3>
                        
<div class="promotion">

                        <p>
                            <a strapline="Meal Deal for Â£5.00 | 8205435" href="https://www.sainsburys.co.uk/shop/PromotionDisplayView?listId=2&amp;catalogId=10241&amp;productId=1546276&amp;langId=44&amp;storeId=10151&amp;promotionId=10664136"><!-- BEGIN include/PromotionStrapline.jspf -->Meal Deal for Â£5.00<br>

<!-- FINISH include/PromotionStrapline.jspf -->
                            </a>
                        </p>
                    
                        <p>
                            <a strapline="Meal Deal for Â£3.75 | 8205435" href="https://www.sainsburys.co.uk/shop/PromotionDisplayView?listId=2&amp;catalogId=10241&amp;productId=1546276&amp;langId=44&amp;storeId=10151&amp;promotionId=10669742">PLUS <!-- BEGIN include/PromotionStrapline.jspf -->Meal Deal for Â£3.75<br>

<!-- FINISH include/PromotionStrapline.jspf -->
                            </a>
                        </p>
                                
</div>

                    <div class="ThumbnailRoundel">
                    <!--ThumbnailRoundel --> 
                    </div>
                    <div class="promoBages">
                        <!-- PROMOTION -->
                    </div>


                    <!-- Review --><!-- BEGIN CatalogEntryRatingsReviewsInfo.jspf --><!-- productAllowedRatingsAndReviews: true -->
<div class="reviews">

    <a class="numberOfReviews" href="https://www.sainsburys.co.uk/shop/gb/groceries/product/details/cheez-it-snapd-double-cheese-baked-snacks-40g">
        <img src="//www.sainsburys.co.uk/wcsstore7.137.2/SainsburysStorefrontAssetStore/img/stars/rating-4_8.gif" alt="4.8333" border="0">&nbsp; 
        Reviews (6)
    </a>

</div>
<!-- END CatalogEntryRatingsReviewsInfo.jspf -->
                </div>
                <!--ThumbnailRestriction -->
            </div>
            
            <div class="addToTrolleytabBox">
            <!-- addToTrolleytabBox LIST VIEW--><!-- Start UserSubscribedOrNot.jspf --><!-- Start UserSubscribedOrNot.jsp --><!-- 
    If the user is not logged in, render this opening 
    DIV adding an addtional class to fix the border top which is removed 
    and replaced by the tabs
-->
<div class="addToTrolleytabContainer addItemBorderTop">
<!-- End AddToSubscriptionList.jsp --><!-- End AddSubscriptionList.jspf --><!-- 
                    ATTENTION!!!
                    <div class="addToTrolleytabContainer">
                    This opening div is inside "../../ReusableObjects/UserSubscribedOrNot.jsp"
                    -->
                <div class="pricingAndTrolleyOptions">  
                    <div class="priceTab activeContainer priceTabContainer" id="addItem_1546277"> 
                        <div class="pricing">
                            
<p class="pricePerUnit">
Â£1.00 
</p>

<p class="pricePerMeasure">Â£2.50<abbr title="per">/</abbr>100<abbr title="gram"><span class="pricePerMeasureMeasure">g</span></abbr>
</p>

                                
                        </div>  
                          
                                    <div class="addToTrolleyForm ">   
                                        <!-- BEGIN AddToTrolley.jsp --><!-- fire an on add to bag here from  -->

<form class="addToTrolleyForm" name="OrderItemAddForm_1546276" action="OrderItemAdd" method="post" id="OrderItemAddForm_1546276">
    <input type="hidden" name="storeId" value="10151">
    <input type="hidden" name="langId" value="44">
    <input type="hidden" name="catalogId" value="10241">
    <input type="hidden" name="authToken" id="authToken1546276" value="-1002%2C3jIiHU%2F3lFc4jalpGDAhYOztAdQ%3D">
    
    
    <input type="hidden" name="errorViewName" value="PromotionDisplayView">
    <input type="hidden" name="SKU_ID" value="8205435">
    <input type="hidden" name="itemType" value="">
    <input type="hidden" name="parentSKU" value="">
    
    
       <input type="hidden" id="productCatentryId_1546277" value="1546276">
       <input type="hidden" id="catEntryId_1546276" value="1546277">
       <input type="hidden" name="ItemSKU_ID" value="8205435">
     
        
        <div class="quantity hidden" id="updateQtyPanelProduct_1546276" data-qty="">
            <ul>
                <li>
                    <a class="button decreaseQty " id="decreaseQty_1546276" href="#">-</a> 
                </li>
                <li>	
                    <label class="access" for="quantity_1546276">Quantity</label>						
                    <a href="#" class="button quantityPlp  " id="quantityUpdate_1546276">
                        </a>
                    <input name="quantity" id="quantity_1546276" type="hidden" size="3" value="" class="quantity">		        
                </li>
                <li>
                    
                    <a class="button increaseQty " id="increaseQty_1546276" href="#">+</a>
                </li>
            </ul>
        </div>				
            
        
            <input type="hidden" name="catEntryId" value="1546277">
        

        <input type="hidden" name="productId" value="1546276">
        

    <input type="hidden" name="URL" value="https://www.sainsburys.co.uk/webapp/wcs/stores/servlet/PromotionDisplayView?listId=2&amp;catalogId=10241&amp;productId=1117540&amp;langId=44&amp;storeId=10151&amp;promotionId=10669742">
    <input type="hidden" name="page" value="">
    <input type="hidden" name="contractId" value="">
    <input type="hidden" name="calculateOrder" value="1">
    <input type="hidden" name="calculationUsage" value="-1,-2,-3">
    <input type="hidden" name="updateable" value="1">
    <input type="hidden" name="merge" value="***">

                                  
            <input type="hidden" id="updateUrl_1546276" updateurlchild_1546277="AjaxOrderItemUpdate?calculateOrder=1&amp;itemType=&amp;ordItemUpdateFlag=0&amp;orderId=.&amp;updatePrices=1&amp;authToken=-1002%252C3jIiHU%252F3lFc4jalpGDAhYOztAdQ%253D&amp;calculationUsage=-1,-2,-3&amp;storeId=10151&amp;errorViewName=AjaxQuickCartDisplay&amp;URL=AjaxQuickCartDisplay&amp;catEntryId=1546277&amp;orderItemId_0=&amp;UOM_0=&amp;langId=44&amp;quantity_0=1">
            <input type="hidden" id="removeUrl_1546276" removeurlchild_1546277="AjaxOrderItemUpdate?calculateOrder=1&amp;itemType=&amp;productId=&amp;ordItemUpdateFlag=2&amp;orderId=.&amp;updatePrices=1&amp;authToken=-1002%252C3jIiHU%252F3lFc4jalpGDAhYOztAdQ%253D&amp;calculationUsage=-1,-2,-3&amp;storeId=10151&amp;errorViewName=AjaxQuickCartDisplay&amp;URL=AjaxQuickCartDisplay&amp;catEntryId=1546277&amp;productSKU=&amp;orderItemId_0=&amp;qtyDecremented=true&amp;langId=44&amp;quantity_0=0">           
         
       <input type="hidden" name="callAjax" value="false">
       
    
    <div class="add2Cart " id="addQtyPanelProduct_1546276">    
        
            <a class="button process addQty  " id="addQty_1546276" href="#">
                Add
            </a>

            <input type="hidden" name="Add" value="Add">
        
    </div>

</form>
<!-- END AddToTrolley.jsp -->
                                    </div>  
                                
                    </div><!-- END priceTabContainer Add container --><!-- Subscribe container --><!-- Start AddToSubscriptionList.jspf --><!-- Start AddToSubscriptionList.jsp --><!-- End AddToSubscriptionList.jsp --><!-- End AddToSubscriptionList.jspf --> 
                </div>  
            </div>  
        </div>
    </div>     
    </div> 
    <div id="additionalItems_1546277" class="additionalItems">
        <!-- BEGIN MerchandisingAssociationsDisplay.jsp --><!-- Start - JSP File Name:  MerchandisingAssociationsDisplay.jsp --><!-- END MerchandisingAssociationsDisplay.jsp -->  
    </div> 

<!-- END CatalogEntryThumbnailDisplay.jsp -->
                            </li>
                        
                            <li>
                                
                                                <div class="trolleySummary"><p class="saving">
                                                         <!-- %@ include file="../../include/PromotionStrapline.jspf"% -->
                                                </p></div>
                                            
                                                <div class="trolleySummary"><p class="saving">
                                                         <!-- %@ include file="../../include/PromotionStrapline.jspf"% -->
                                                </p></div>
                                            
                                                <div class="trolleySummary"><p class="saving">
                                                         <!-- %@ include file="../../include/PromotionStrapline.jspf"% -->
                                                </p></div>
                                            <!-- BEGIN CatalogEntryThumbnailDisplay.jsp -->
    <div class="product ">
        
        <div class="errorBanner hidden" id="error1499110"></div>
                        
        
        <div class="productInner">
            <div class="productInfoWrapper">
                <div class="productInfo">
                    
                            <h3>
                                <a href="https://www.sainsburys.co.uk/shop/gb/groceries/product/details/cheetos-crunchy-cheese-snacks-crisps-30g">
                                    Sunbites Sun Ripened Sweet Chilli Snacks 28g
                                    <img src="https://assets.sainsburys-groceries.co.uk/gol/8166328/image.jpg" alt="">
                                </a>
                            </h3>
                        
<div class="promotion">

                        <p>
                            <a strapline="Meal Deal for Â£5.00 | 8166328" href="https://www.sainsburys.co.uk/shop/PromotionDisplayView?listId=2&amp;catalogId=10241&amp;productId=1499110&amp;langId=44&amp;storeId=10151&amp;promotionId=10664136"><!-- BEGIN include/PromotionStrapline.jspf -->Meal Deal for Â£5.00<br>

<!-- FINISH include/PromotionStrapline.jspf -->
                            </a>
                        </p>
                    
                        <p>
                            <a strapline="Meal Deal for Â£3.75 | 8166328" href="https://www.sainsburys.co.uk/shop/PromotionDisplayView?listId=2&amp;catalogId=10241&amp;productId=1499110&amp;langId=44&amp;storeId=10151&amp;promotionId=10669742">PLUS <!-- BEGIN include/PromotionStrapline.jspf -->Meal Deal for Â£3.75<br>

<!-- FINISH include/PromotionStrapline.jspf -->
                            </a>
                        </p>
                                
</div>

                    <div class="ThumbnailRoundel">
                    <!--ThumbnailRoundel --> 
                    </div>
                    <div class="promoBages">
                        <!-- PROMOTION -->
                    </div>


                    <!-- Review --><!-- BEGIN CatalogEntryRatingsReviewsInfo.jspf --><!-- productAllowedRatingsAndReviews: true -->
<div class="reviews">

    <a class="numberOfReviews" href="https://www.sainsburys.co.uk/shop/gb/groceries/product/details/cheetos-crunchy-cheese-snacks-crisps-30g">
        <img src="//www.sainsburys.co.uk/wcsstore7.137.2/SainsburysStorefrontAssetStore/img/stars/rating-4_5.gif" alt="4.5" border="0">&nbsp; 
        Reviews (2)
    </a>

</div>
<!-- END CatalogEntryRatingsReviewsInfo.jspf -->
                </div>
                <!--ThumbnailRestriction -->
            </div>
            
            <div class="addToTrolleytabBox">
            <!-- addToTrolleytabBox LIST VIEW--><!-- Start UserSubscribedOrNot.jspf --><!-- Start UserSubscribedOrNot.jsp --><!-- 
    If the user is not logged in, render this opening 
    DIV adding an addtional class to fix the border top which is removed 
    and replaced by the tabs
-->
<div class="addToTrolleytabContainer addItemBorderTop">
<!-- End AddToSubscriptionList.jsp --><!-- End AddSubscriptionList.jspf --><!-- 
                    ATTENTION!!!
                    <div class="addToTrolleytabContainer">
                    This opening div is inside "../../ReusableObjects/UserSubscribedOrNot.jsp"
                    -->
                <div class="pricingAndTrolleyOptions">  
                    <div class="priceTab activeContainer priceTabContainer" id="addItem_1499111"> 
                        <div class="pricing">
                            
<p class="pricePerUnit">
Â£1.10 
</p>

<p class="pricePerMeasure">Â£3.93<abbr title="per">/</abbr>100<abbr title="gram"><span class="pricePerMeasureMeasure">g</span></abbr>
</p>

                                
                        </div>  
                          
                                    <div class="addToTrolleyForm ">   
                                        <!-- BEGIN AddToTrolley.jsp --><!-- fire an on add to bag here from  -->

<form class="addToTrolleyForm" name="OrderItemAddForm_1499110" action="OrderItemAdd" method="post" id="OrderItemAddForm_1499110">
    <input type="hidden" name="storeId" value="10151">
    <input type="hidden" name="langId" value="44">
    <input type="hidden" name="catalogId" value="10241">
    <input type="hidden" name="authToken" id="authToken1499110" value="-1002%2C3jIiHU%2F3lFc4jalpGDAhYOztAdQ%3D">
    
    
    <input type="hidden" name="errorViewName" value="PromotionDisplayView">
    <input type="hidden" name="SKU_ID" value="8166328">
    <input type="hidden" name="itemType" value="">
    <input type="hidden" name="parentSKU" value="">
    
    
       <input type="hidden" id="productCatentryId_1499111" value="1499110">
       <input type="hidden" id="catEntryId_1499110" value="1499111">
       <input type="hidden" name="ItemSKU_ID" value="8166328">
     
        
        <div class="quantity hidden" id="updateQtyPanelProduct_1499110" data-qty="">
            <ul>
                <li>
                    <a class="button decreaseQty " id="decreaseQty_1499110" href="#">-</a> 
                </li>
                <li>	
                    <label class="access" for="quantity_1499110">Quantity</label>						
                    <a href="#" class="button quantityPlp  " id="quantityUpdate_1499110">
                        </a>
                    <input name="quantity" id="quantity_1499110" type="hidden" size="3" value="" class="quantity">		        
                </li>
                <li>
                    
                    <a class="button increaseQty " id="increaseQty_1499110" href="#">+</a>
                </li>
            </ul>
        </div>				
            
        
            <input type="hidden" name="catEntryId" value="1499111">
        

        <input type="hidden" name="productId" value="1499110">
        

    <input type="hidden" name="URL" value="https://www.sainsburys.co.uk/webapp/wcs/stores/servlet/PromotionDisplayView?listId=2&amp;catalogId=10241&amp;productId=1117540&amp;langId=44&amp;storeId=10151&amp;promotionId=10669742">
    <input type="hidden" name="page" value="">
    <input type="hidden" name="contractId" value="">
    <input type="hidden" name="calculateOrder" value="1">
    <input type="hidden" name="calculationUsage" value="-1,-2,-3">
    <input type="hidden" name="updateable" value="1">
    <input type="hidden" name="merge" value="***">

                                  
            <input type="hidden" id="updateUrl_1499110" updateurlchild_1499111="AjaxOrderItemUpdate?calculateOrder=1&amp;itemType=&amp;ordItemUpdateFlag=0&amp;orderId=.&amp;updatePrices=1&amp;authToken=-1002%252C3jIiHU%252F3lFc4jalpGDAhYOztAdQ%253D&amp;calculationUsage=-1,-2,-3&amp;storeId=10151&amp;errorViewName=AjaxQuickCartDisplay&amp;URL=AjaxQuickCartDisplay&amp;catEntryId=1499111&amp;orderItemId_0=&amp;UOM_0=&amp;langId=44&amp;quantity_0=1">
            <input type="hidden" id="removeUrl_1499110" removeurlchild_1499111="AjaxOrderItemUpdate?calculateOrder=1&amp;itemType=&amp;productId=&amp;ordItemUpdateFlag=2&amp;orderId=.&amp;updatePrices=1&amp;authToken=-1002%252C3jIiHU%252F3lFc4jalpGDAhYOztAdQ%253D&amp;calculationUsage=-1,-2,-3&amp;storeId=10151&amp;errorViewName=AjaxQuickCartDisplay&amp;URL=AjaxQuickCartDisplay&amp;catEntryId=1499111&amp;productSKU=&amp;orderItemId_0=&amp;qtyDecremented=true&amp;langId=44&amp;quantity_0=0">           
         
       <input type="hidden" name="callAjax" value="false">
       
    
    <div class="add2Cart " id="addQtyPanelProduct_1499110">    
        
            <a class="button process addQty  " id="addQty_1499110" href="#">
                Add
            </a>

            <input type="hidden" name="Add" value="Add">
        
    </div>

</form>
<!-- END AddToTrolley.jsp -->
                                    </div>  
                                
                    </div><!-- END priceTabContainer Add container --><!-- Subscribe container --><!-- Start AddToSubscriptionList.jspf --><!-- Start AddToSubscriptionList.jsp --><!-- End AddToSubscriptionList.jsp --><!-- End AddToSubscriptionList.jspf --> 
                </div>  
            </div>  
        </div>
    </div>     
    </div> 
    <div id="additionalItems_1499111" class="additionalItems">
        <!-- BEGIN MerchandisingAssociationsDisplay.jsp --><!-- Start - JSP File Name:  MerchandisingAssociationsDisplay.jsp --><!-- END MerchandisingAssociationsDisplay.jsp -->  
    </div> 

<!-- END CatalogEntryThumbnailDisplay.jsp -->
                            </li>
                        
                            <li>
                                
                                                <div class="trolleySummary"><p class="saving">
                                                         <!-- %@ include file="../../include/PromotionStrapline.jspf"% -->
                                                </p></div>
                                            
                                                <div class="trolleySummary"><p class="saving">
                                                         <!-- %@ include file="../../include/PromotionStrapline.jspf"% -->
                                                </p></div>
                                            
                                                <div class="trolleySummary"><p class="saving">
                                                         <!-- %@ include file="../../include/PromotionStrapline.jspf"% -->
                                                </p></div>
                                            <!-- BEGIN CatalogEntryThumbnailDisplay.jsp -->
    <div class="product ">
        
        <div class="errorBanner hidden" id="error1533026"></div>
                        
        
        <div class="productInner">
            <div class="productInfoWrapper">
                <div class="productInfo">
                    
                            <h3>
                                <a href="https://www.sainsburys.co.uk/shop/gb/groceries/product/details/walkers-sensations-mature-cheddar-cheese-chilli-grab-bag-crisps-40g-8194088-p-44">
                                    Walkers Sensations Mature Cheddar Cheese &amp; Chilli Crisps 40g
                                    <img src="https://assets.sainsburys-groceries.co.uk/gol/8194088/image.jpg" alt="">
                                </a>
                            </h3>
                        
<div class="promotion">

                        <p>
                            <a strapline="Meal Deal for Â£5.00 | 8194088" href="https://www.sainsburys.co.uk/shop/PromotionDisplayView?listId=2&amp;catalogId=10241&amp;productId=1533026&amp;langId=44&amp;storeId=10151&amp;promotionId=10664136"><!-- BEGIN include/PromotionStrapline.jspf -->Meal Deal for Â£5.00<br>

<!-- FINISH include/PromotionStrapline.jspf -->
                            </a>
                        </p>
                    
                        <p>
                            <a strapline="Meal Deal for Â£3.75 | 8194088" href="https://www.sainsburys.co.uk/shop/PromotionDisplayView?listId=2&amp;catalogId=10241&amp;productId=1533026&amp;langId=44&amp;storeId=10151&amp;promotionId=10669742">PLUS <!-- BEGIN include/PromotionStrapline.jspf -->Meal Deal for Â£3.75<br>

<!-- FINISH include/PromotionStrapline.jspf -->
                            </a>
                        </p>
                                
</div>

                    <div class="ThumbnailRoundel">
                    <!--ThumbnailRoundel --> 
                    </div>
                    <div class="promoBages">
                        <!-- PROMOTION -->
                    </div>


                    <!-- Review --><!-- BEGIN CatalogEntryRatingsReviewsInfo.jspf --><!-- productAllowedRatingsAndReviews: true -->
<div class="reviews">

    <a class="numberOfReviews" href="https://www.sainsburys.co.uk/shop/gb/groceries/product/details/walkers-sensations-mature-cheddar-cheese-chilli-grab-bag-crisps-40g-8194088-p-44">
        <img src="//www.sainsburys.co.uk/wcsstore7.137.2/SainsburysStorefrontAssetStore/img/stars/rating-4_4.gif" alt="4.3939" border="0">&nbsp; 
        Reviews (33)
    </a>

</div>
<!-- END CatalogEntryRatingsReviewsInfo.jspf -->
                </div>
                <!--ThumbnailRestriction -->
            </div>
            
            <div class="addToTrolleytabBox">
            <!-- addToTrolleytabBox LIST VIEW--><!-- Start UserSubscribedOrNot.jspf --><!-- Start UserSubscribedOrNot.jsp --><!-- 
    If the user is not logged in, render this opening 
    DIV adding an addtional class to fix the border top which is removed 
    and replaced by the tabs
-->
<div class="addToTrolleytabContainer addItemBorderTop">
<!-- End AddToSubscriptionList.jsp --><!-- End AddSubscriptionList.jspf --><!-- 
                    ATTENTION!!!
                    <div class="addToTrolleytabContainer">
                    This opening div is inside "../../ReusableObjects/UserSubscribedOrNot.jsp"
                    -->
                <div class="pricingAndTrolleyOptions">  
                    <div class="priceTab activeContainer priceTabContainer" id="addItem_1533027"> 
                        <div class="pricing">
                            
<p class="pricePerUnit">
Â£1.10 
</p>

<p class="pricePerMeasure">Â£2.75<abbr title="per">/</abbr>100<abbr title="gram"><span class="pricePerMeasureMeasure">g</span></abbr>
</p>

                                
                        </div>  
                          
                                    <div class="addToTrolleyForm ">   
                                        <!-- BEGIN AddToTrolley.jsp --><!-- fire an on add to bag here from  -->

<form class="addToTrolleyForm" name="OrderItemAddForm_1533026" action="OrderItemAdd" method="post" id="OrderItemAddForm_1533026">
    <input type="hidden" name="storeId" value="10151">
    <input type="hidden" name="langId" value="44">
    <input type="hidden" name="catalogId" value="10241">
    <input type="hidden" name="authToken" id="authToken1533026" value="-1002%2C3jIiHU%2F3lFc4jalpGDAhYOztAdQ%3D">
    
    
    <input type="hidden" name="errorViewName" value="PromotionDisplayView">
    <input type="hidden" name="SKU_ID" value="8194088">
    <input type="hidden" name="itemType" value="">
    <input type="hidden" name="parentSKU" value="">
    
    
       <input type="hidden" id="productCatentryId_1533027" value="1533026">
       <input type="hidden" id="catEntryId_1533026" value="1533027">
       <input type="hidden" name="ItemSKU_ID" value="8194088">
     
        
        <div class="quantity hidden" id="updateQtyPanelProduct_1533026" data-qty="">
            <ul>
                <li>
                    <a class="button decreaseQty " id="decreaseQty_1533026" href="#">-</a> 
                </li>
                <li>	
                    <label class="access" for="quantity_1533026">Quantity</label>						
                    <a href="#" class="button quantityPlp  " id="quantityUpdate_1533026">
                        </a>
                    <input name="quantity" id="quantity_1533026" type="hidden" size="3" value="" class="quantity">		        
                </li>
                <li>
                    
                    <a class="button increaseQty " id="increaseQty_1533026" href="#">+</a>
                </li>
            </ul>
        </div>				
            
        
            <input type="hidden" name="catEntryId" value="1533027">
        

        <input type="hidden" name="productId" value="1533026">
        

    <input type="hidden" name="URL" value="https://www.sainsburys.co.uk/webapp/wcs/stores/servlet/PromotionDisplayView?listId=2&amp;catalogId=10241&amp;productId=1117540&amp;langId=44&amp;storeId=10151&amp;promotionId=10669742">
    <input type="hidden" name="page" value="">
    <input type="hidden" name="contractId" value="">
    <input type="hidden" name="calculateOrder" value="1">
    <input type="hidden" name="calculationUsage" value="-1,-2,-3">
    <input type="hidden" name="updateable" value="1">
    <input type="hidden" name="merge" value="***">

                                  
            <input type="hidden" id="updateUrl_1533026" updateurlchild_1533027="AjaxOrderItemUpdate?calculateOrder=1&amp;itemType=&amp;ordItemUpdateFlag=0&amp;orderId=.&amp;updatePrices=1&amp;authToken=-1002%252C3jIiHU%252F3lFc4jalpGDAhYOztAdQ%253D&amp;calculationUsage=-1,-2,-3&amp;storeId=10151&amp;errorViewName=AjaxQuickCartDisplay&amp;URL=AjaxQuickCartDisplay&amp;catEntryId=1533027&amp;orderItemId_0=&amp;UOM_0=&amp;langId=44&amp;quantity_0=1">
            <input type="hidden" id="removeUrl_1533026" removeurlchild_1533027="AjaxOrderItemUpdate?calculateOrder=1&amp;itemType=&amp;productId=&amp;ordItemUpdateFlag=2&amp;orderId=.&amp;updatePrices=1&amp;authToken=-1002%252C3jIiHU%252F3lFc4jalpGDAhYOztAdQ%253D&amp;calculationUsage=-1,-2,-3&amp;storeId=10151&amp;errorViewName=AjaxQuickCartDisplay&amp;URL=AjaxQuickCartDisplay&amp;catEntryId=1533027&amp;productSKU=&amp;orderItemId_0=&amp;qtyDecremented=true&amp;langId=44&amp;quantity_0=0">           
         
       <input type="hidden" name="callAjax" value="false">
       
    
    <div class="add2Cart " id="addQtyPanelProduct_1533026">    
        
            <a class="button process addQty  " id="addQty_1533026" href="#">
                Add
            </a>

            <input type="hidden" name="Add" value="Add">
        
    </div>

</form>
<!-- END AddToTrolley.jsp -->
                                    </div>  
                                
                    </div><!-- END priceTabContainer Add container --><!-- Subscribe container --><!-- Start AddToSubscriptionList.jspf --><!-- Start AddToSubscriptionList.jsp --><!-- End AddToSubscriptionList.jsp --><!-- End AddToSubscriptionList.jspf --> 
                </div>  
            </div>  
        </div>
    </div>     
    </div> 
    <div id="additionalItems_1533027" class="additionalItems">
        <!-- BEGIN MerchandisingAssociationsDisplay.jsp --><!-- Start - JSP File Name:  MerchandisingAssociationsDisplay.jsp --><!-- END MerchandisingAssociationsDisplay.jsp -->  
    </div> 

<!-- END CatalogEntryThumbnailDisplay.jsp -->
                            </li>
                        
                            <li>
                                
                                                <div class="trolleySummary"><p class="saving">
                                                         <!-- %@ include file="../../include/PromotionStrapline.jspf"% -->
                                                </p></div>
                                            
                                                <div class="trolleySummary"><p class="saving">
                                                         <!-- %@ include file="../../include/PromotionStrapline.jspf"% -->
                                                </p></div>
                                            
                                                <div class="trolleySummary"><p class="saving">
                                                         <!-- %@ include file="../../include/PromotionStrapline.jspf"% -->
                                                </p></div>
                                            <!-- BEGIN CatalogEntryThumbnailDisplay.jsp -->
    <div class="product ">
        
        <div class="errorBanner hidden" id="error1545900"></div>
                        
        
        <div class="productInner">
            <div class="productInfoWrapper">
                <div class="productInfo">
                    
                            <h3>
                                <a href="https://www.sainsburys.co.uk/shop/gb/groceries/product/details/pipers-trealy-farm-chorizo-crisps-40g">
                                    Pipers Trealy Farm Chorizo Crisps 40g
                                    <img src="https://assets.sainsburys-groceries.co.uk/gol/8133600/image.jpg" alt="">
                                </a>
                            </h3>
                        
<div class="promotion">

                        <p>
                            <a strapline="Meal Deal for Â£5.00 | 8133600" href="https://www.sainsburys.co.uk/shop/PromotionDisplayView?listId=2&amp;catalogId=10241&amp;productId=1545900&amp;langId=44&amp;storeId=10151&amp;promotionId=10664136"><!-- BEGIN include/PromotionStrapline.jspf -->Meal Deal for Â£5.00<br>

<!-- FINISH include/PromotionStrapline.jspf -->
                            </a>
                        </p>
                    
                        <p>
                            <a strapline="Meal Deal for Â£3.75 | 8133600" href="https://www.sainsburys.co.uk/shop/PromotionDisplayView?listId=2&amp;catalogId=10241&amp;productId=1545900&amp;langId=44&amp;storeId=10151&amp;promotionId=10669742">PLUS <!-- BEGIN include/PromotionStrapline.jspf -->Meal Deal for Â£3.75<br>

<!-- FINISH include/PromotionStrapline.jspf -->
                            </a>
                        </p>
                                
</div>

                    <div class="ThumbnailRoundel">
                    <!--ThumbnailRoundel --> 
                    </div>
                    <div class="promoBages">
                        <!-- PROMOTION -->
                    </div>


                    <!-- Review --><!-- BEGIN CatalogEntryRatingsReviewsInfo.jspf --><!-- productAllowedRatingsAndReviews: true -->
<div class="reviews">

    <a class="numberOfReviews repressive" href="http://reviews.sainsburys.co.uk//8076-en_gb/8133600-P/writereview.htm?submissionurl=https%3A%2F%2Fwww.sainsburys.co.uk%2Fwebapp%2Fwcs%2Fstores%2Fservlet%2FBVReviewSubmitDisplay%3FcatalogId%3D10241%26storeId%3D10151%26recipe%3D%26langId%3D44%26productId%3D8133600-P&amp;return=https%3A%2F%2Fwww.sainsburys.co.uk%2Fwebapp%2Fwcs%2Fstores%2Fservlet%2FPromotionDisplayView%3FlistId%3D2%26catalogId%3D10241%26productId%3D1117540%26langId%3D44%26storeId%3D10151%26promotionId%3D10669742">
Write a review
      </a>

</div>
<!-- END CatalogEntryRatingsReviewsInfo.jspf -->
                </div>
                <!--ThumbnailRestriction -->
            </div>
            
            <div class="addToTrolleytabBox">
            <!-- addToTrolleytabBox LIST VIEW--><!-- Start UserSubscribedOrNot.jspf --><!-- Start UserSubscribedOrNot.jsp --><!-- 
    If the user is not logged in, render this opening 
    DIV adding an addtional class to fix the border top which is removed 
    and replaced by the tabs
-->
<div class="addToTrolleytabContainer addItemBorderTop">
<!-- End AddToSubscriptionList.jsp --><!-- End AddSubscriptionList.jspf --><!-- 
                    ATTENTION!!!
                    <div class="addToTrolleytabContainer">
                    This opening div is inside "../../ReusableObjects/UserSubscribedOrNot.jsp"
                    -->
                <div class="pricingAndTrolleyOptions">  
                    <div class="priceTab activeContainer priceTabContainer" id="addItem_1545901"> 
                        <div class="pricing">
                            
<p class="pricePerUnit">
Â£1.35 
</p>

<p class="pricePerMeasure">Â£3.38<abbr title="per">/</abbr>100<abbr title="gram"><span class="pricePerMeasureMeasure">g</span></abbr>
</p>

                                
                        </div>  
                          
                                    <div class="addToTrolleyForm ">   
                                        <!-- BEGIN AddToTrolley.jsp --><!-- fire an on add to bag here from  -->

<form class="addToTrolleyForm" name="OrderItemAddForm_1545900" action="OrderItemAdd" method="post" id="OrderItemAddForm_1545900">
    <input type="hidden" name="storeId" value="10151">
    <input type="hidden" name="langId" value="44">
    <input type="hidden" name="catalogId" value="10241">
    <input type="hidden" name="authToken" id="authToken1545900" value="-1002%2C3jIiHU%2F3lFc4jalpGDAhYOztAdQ%3D">
    
    
    <input type="hidden" name="errorViewName" value="PromotionDisplayView">
    <input type="hidden" name="SKU_ID" value="8133600">
    <input type="hidden" name="itemType" value="">
    <input type="hidden" name="parentSKU" value="">
    
    
       <input type="hidden" id="productCatentryId_1545901" value="1545900">
       <input type="hidden" id="catEntryId_1545900" value="1545901">
       <input type="hidden" name="ItemSKU_ID" value="8133600">
     
        
        <div class="quantity hidden" id="updateQtyPanelProduct_1545900" data-qty="">
            <ul>
                <li>
                    <a class="button decreaseQty " id="decreaseQty_1545900" href="#">-</a> 
                </li>
                <li>	
                    <label class="access" for="quantity_1545900">Quantity</label>						
                    <a href="#" class="button quantityPlp  " id="quantityUpdate_1545900">
                        </a>
                    <input name="quantity" id="quantity_1545900" type="hidden" size="3" value="" class="quantity">		        
                </li>
                <li>
                    
                    <a class="button increaseQty " id="increaseQty_1545900" href="#">+</a>
                </li>
            </ul>
        </div>				
            
        
            <input type="hidden" name="catEntryId" value="1545901">
        

        <input type="hidden" name="productId" value="1545900">
        

    <input type="hidden" name="URL" value="https://www.sainsburys.co.uk/webapp/wcs/stores/servlet/PromotionDisplayView?listId=2&amp;catalogId=10241&amp;productId=1117540&amp;langId=44&amp;storeId=10151&amp;promotionId=10669742">
    <input type="hidden" name="page" value="">
    <input type="hidden" name="contractId" value="">
    <input type="hidden" name="calculateOrder" value="1">
    <input type="hidden" name="calculationUsage" value="-1,-2,-3">
    <input type="hidden" name="updateable" value="1">
    <input type="hidden" name="merge" value="***">

                                  
            <input type="hidden" id="updateUrl_1545900" updateurlchild_1545901="AjaxOrderItemUpdate?calculateOrder=1&amp;itemType=&amp;ordItemUpdateFlag=0&amp;orderId=.&amp;updatePrices=1&amp;authToken=-1002%252C3jIiHU%252F3lFc4jalpGDAhYOztAdQ%253D&amp;calculationUsage=-1,-2,-3&amp;storeId=10151&amp;errorViewName=AjaxQuickCartDisplay&amp;URL=AjaxQuickCartDisplay&amp;catEntryId=1545901&amp;orderItemId_0=&amp;UOM_0=&amp;langId=44&amp;quantity_0=1">
            <input type="hidden" id="removeUrl_1545900" removeurlchild_1545901="AjaxOrderItemUpdate?calculateOrder=1&amp;itemType=&amp;productId=&amp;ordItemUpdateFlag=2&amp;orderId=.&amp;updatePrices=1&amp;authToken=-1002%252C3jIiHU%252F3lFc4jalpGDAhYOztAdQ%253D&amp;calculationUsage=-1,-2,-3&amp;storeId=10151&amp;errorViewName=AjaxQuickCartDisplay&amp;URL=AjaxQuickCartDisplay&amp;catEntryId=1545901&amp;productSKU=&amp;orderItemId_0=&amp;qtyDecremented=true&amp;langId=44&amp;quantity_0=0">           
         
       <input type="hidden" name="callAjax" value="false">
       
    
    <div class="add2Cart " id="addQtyPanelProduct_1545900">    
        
            <a class="button process addQty  " id="addQty_1545900" href="#">
                Add
            </a>

            <input type="hidden" name="Add" value="Add">
        
    </div>

</form>
<!-- END AddToTrolley.jsp -->
                                    </div>  
                                
                    </div><!-- END priceTabContainer Add container --><!-- Subscribe container --><!-- Start AddToSubscriptionList.jspf --><!-- Start AddToSubscriptionList.jsp --><!-- End AddToSubscriptionList.jsp --><!-- End AddToSubscriptionList.jspf --> 
                </div>  
            </div>  
        </div>
    </div>     
    </div> 
    <div id="additionalItems_1545901" class="additionalItems">
        <!-- BEGIN MerchandisingAssociationsDisplay.jsp --><!-- Start - JSP File Name:  MerchandisingAssociationsDisplay.jsp --><!-- END MerchandisingAssociationsDisplay.jsp -->  
    </div> 

<!-- END CatalogEntryThumbnailDisplay.jsp -->
                            </li>
                        
                            <li>
                                
                                                <div class="trolleySummary"><p class="saving">
                                                         <!-- %@ include file="../../include/PromotionStrapline.jspf"% -->
                                                </p></div>
                                            
                                                <div class="trolleySummary"><p class="saving">
                                                         <!-- %@ include file="../../include/PromotionStrapline.jspf"% -->
                                                </p></div>
                                            
                                                <div class="trolleySummary"><p class="saving">
                                                         <!-- %@ include file="../../include/PromotionStrapline.jspf"% -->
                                                </p></div>
                                            <!-- BEGIN CatalogEntryThumbnailDisplay.jsp -->
    <div class="product ">
        
        <div class="errorBanner hidden" id="error1532576"></div>
                        
        
        <div class="productInner">
            <div class="productInfoWrapper">
                <div class="productInfo">
                    
                            <h3>
                                <a href="https://www.sainsburys.co.uk/shop/gb/groceries/product/details/walkers-max-zingy-salt-malt-vinegar-crisps-50g">
                                    Walkers Max Zingy Salt &amp; Malt Vinegar Crisps 50g
                                    <img src="https://assets.sainsburys-groceries.co.uk/gol/7812480/image.jpg" alt="">
                                </a>
                            </h3>
                        
<div class="promotion">

                        <p>
                            <a strapline="Meal Deal for Â£5.00 | 7812480" href="https://www.sainsburys.co.uk/shop/PromotionDisplayView?listId=2&amp;catalogId=10241&amp;productId=1532576&amp;langId=44&amp;storeId=10151&amp;promotionId=10664136"><!-- BEGIN include/PromotionStrapline.jspf -->Meal Deal for Â£5.00<br>

<!-- FINISH include/PromotionStrapline.jspf -->
                            </a>
                        </p>
                    
                        <p>
                            <a strapline="Meal Deal for Â£3.75 | 7812480" href="https://www.sainsburys.co.uk/shop/PromotionDisplayView?listId=2&amp;catalogId=10241&amp;productId=1532576&amp;langId=44&amp;storeId=10151&amp;promotionId=10669742">PLUS <!-- BEGIN include/PromotionStrapline.jspf -->Meal Deal for Â£3.75<br>

<!-- FINISH include/PromotionStrapline.jspf -->
                            </a>
                        </p>
                                
</div>

                    <div class="ThumbnailRoundel">
                    <!--ThumbnailRoundel --> 
                    </div>
                    <div class="promoBages">
                        <!-- PROMOTION -->
                    </div>


                    <!-- Review --><!-- BEGIN CatalogEntryRatingsReviewsInfo.jspf --><!-- productAllowedRatingsAndReviews: true -->
<div class="reviews">

    <a class="numberOfReviews" href="https://www.sainsburys.co.uk/shop/gb/groceries/product/details/walkers-max-zingy-salt-malt-vinegar-crisps-50g">
        <img src="//www.sainsburys.co.uk/wcsstore7.137.2/SainsburysStorefrontAssetStore/img/stars/rating-4_0.gif" alt="4.0" border="0">&nbsp; 
        Reviews (3)
    </a>

</div>
<!-- END CatalogEntryRatingsReviewsInfo.jspf -->
                </div>
                <!--ThumbnailRestriction -->
            </div>
            
            <div class="addToTrolleytabBox">
            <!-- addToTrolleytabBox LIST VIEW--><!-- Start UserSubscribedOrNot.jspf --><!-- Start UserSubscribedOrNot.jsp --><!-- 
    If the user is not logged in, render this opening 
    DIV adding an addtional class to fix the border top which is removed 
    and replaced by the tabs
-->
<div class="addToTrolleytabContainer addItemBorderTop">
<!-- End AddToSubscriptionList.jsp --><!-- End AddSubscriptionList.jspf --><!-- 
                    ATTENTION!!!
                    <div class="addToTrolleytabContainer">
                    This opening div is inside "../../ReusableObjects/UserSubscribedOrNot.jsp"
                    -->
                <div class="pricingAndTrolleyOptions">  
                    <div class="priceTab activeContainer priceTabContainer" id="addItem_1532577"> 
                        <div class="pricing">
                            
<p class="pricePerUnit">
Â£1.10 
</p>

<p class="pricePerMeasure">Â£2.20<abbr title="per">/</abbr>100<abbr title="gram"><span class="pricePerMeasureMeasure">g</span></abbr>
</p>

                                
                        </div>  
                          
                                    <div class="addToTrolleyForm ">   
                                        <!-- BEGIN AddToTrolley.jsp --><!-- fire an on add to bag here from  -->

<form class="addToTrolleyForm" name="OrderItemAddForm_1532576" action="OrderItemAdd" method="post" id="OrderItemAddForm_1532576">
    <input type="hidden" name="storeId" value="10151">
    <input type="hidden" name="langId" value="44">
    <input type="hidden" name="catalogId" value="10241">
    <input type="hidden" name="authToken" id="authToken1532576" value="-1002%2C3jIiHU%2F3lFc4jalpGDAhYOztAdQ%3D">
    
    
    <input type="hidden" name="errorViewName" value="PromotionDisplayView">
    <input type="hidden" name="SKU_ID" value="7812480">
    <input type="hidden" name="itemType" value="">
    <input type="hidden" name="parentSKU" value="">
    
    
       <input type="hidden" id="productCatentryId_1532577" value="1532576">
       <input type="hidden" id="catEntryId_1532576" value="1532577">
       <input type="hidden" name="ItemSKU_ID" value="7812480">
     
        
        <div class="quantity hidden" id="updateQtyPanelProduct_1532576" data-qty="">
            <ul>
                <li>
                    <a class="button decreaseQty " id="decreaseQty_1532576" href="#">-</a> 
                </li>
                <li>	
                    <label class="access" for="quantity_1532576">Quantity</label>						
                    <a href="#" class="button quantityPlp  " id="quantityUpdate_1532576">
                        </a>
                    <input name="quantity" id="quantity_1532576" type="hidden" size="3" value="" class="quantity">		        
                </li>
                <li>
                    
                    <a class="button increaseQty " id="increaseQty_1532576" href="#">+</a>
                </li>
            </ul>
        </div>				
            
        
            <input type="hidden" name="catEntryId" value="1532577">
        

        <input type="hidden" name="productId" value="1532576">
        

    <input type="hidden" name="URL" value="https://www.sainsburys.co.uk/webapp/wcs/stores/servlet/PromotionDisplayView?listId=2&amp;catalogId=10241&amp;productId=1117540&amp;langId=44&amp;storeId=10151&amp;promotionId=10669742">
    <input type="hidden" name="page" value="">
    <input type="hidden" name="contractId" value="">
    <input type="hidden" name="calculateOrder" value="1">
    <input type="hidden" name="calculationUsage" value="-1,-2,-3">
    <input type="hidden" name="updateable" value="1">
    <input type="hidden" name="merge" value="***">

                                  
            <input type="hidden" id="updateUrl_1532576" updateurlchild_1532577="AjaxOrderItemUpdate?calculateOrder=1&amp;itemType=&amp;ordItemUpdateFlag=0&amp;orderId=.&amp;updatePrices=1&amp;authToken=-1002%252C3jIiHU%252F3lFc4jalpGDAhYOztAdQ%253D&amp;calculationUsage=-1,-2,-3&amp;storeId=10151&amp;errorViewName=AjaxQuickCartDisplay&amp;URL=AjaxQuickCartDisplay&amp;catEntryId=1532577&amp;orderItemId_0=&amp;UOM_0=&amp;langId=44&amp;quantity_0=1">
            <input type="hidden" id="removeUrl_1532576" removeurlchild_1532577="AjaxOrderItemUpdate?calculateOrder=1&amp;itemType=&amp;productId=&amp;ordItemUpdateFlag=2&amp;orderId=.&amp;updatePrices=1&amp;authToken=-1002%252C3jIiHU%252F3lFc4jalpGDAhYOztAdQ%253D&amp;calculationUsage=-1,-2,-3&amp;storeId=10151&amp;errorViewName=AjaxQuickCartDisplay&amp;URL=AjaxQuickCartDisplay&amp;catEntryId=1532577&amp;productSKU=&amp;orderItemId_0=&amp;qtyDecremented=true&amp;langId=44&amp;quantity_0=0">           
         
       <input type="hidden" name="callAjax" value="false">
       
    
    <div class="add2Cart " id="addQtyPanelProduct_1532576">    
        
            <a class="button process addQty  " id="addQty_1532576" href="#">
                Add
            </a>

            <input type="hidden" name="Add" value="Add">
        
    </div>

</form>
<!-- END AddToTrolley.jsp -->
                                    </div>  
                                
                    </div><!-- END priceTabContainer Add container --><!-- Subscribe container --><!-- Start AddToSubscriptionList.jspf --><!-- Start AddToSubscriptionList.jsp --><!-- End AddToSubscriptionList.jsp --><!-- End AddToSubscriptionList.jspf --> 
                </div>  
            </div>  
        </div>
    </div>     
    </div> 
    <div id="additionalItems_1532577" class="additionalItems">
        <!-- BEGIN MerchandisingAssociationsDisplay.jsp --><!-- Start - JSP File Name:  MerchandisingAssociationsDisplay.jsp --><!-- END MerchandisingAssociationsDisplay.jsp -->  
    </div> 

<!-- END CatalogEntryThumbnailDisplay.jsp -->
                            </li>
                        
                            <li>
                                
                                                <div class="trolleySummary"><p class="saving">
                                                         <!-- %@ include file="../../include/PromotionStrapline.jspf"% -->
                                                </p></div>
                                            
                                                <div class="trolleySummary"><p class="saving">
                                                         <!-- %@ include file="../../include/PromotionStrapline.jspf"% -->
                                                </p></div>
                                            
                                                <div class="trolleySummary"><p class="saving">
                                                         <!-- %@ include file="../../include/PromotionStrapline.jspf"% -->
                                                </p></div>
                                            <!-- BEGIN CatalogEntryThumbnailDisplay.jsp -->
    <div class="product ">
        
        <div class="errorBanner hidden" id="error1533020"></div>
                        
        
        <div class="productInner">
            <div class="productInfoWrapper">
                <div class="productInfo">
                    
                            <h3>
                                <a href="https://www.sainsburys.co.uk/shop/gb/groceries/product/details/walkers-sensations-mature-cheddar-cheese-chilli-grab-bag-crisps-40g">
                                    Walkers Sensations Salt &amp; Black Peppercorn Grab Bag Crisps 40g
                                    <img src="https://assets.sainsburys-groceries.co.uk/gol/8194083/image.jpg" alt="">
                                </a>
                            </h3>
                        
<div class="promotion">

                        <p>
                            <a strapline="Meal Deal for Â£5.00 | 8194083" href="https://www.sainsburys.co.uk/shop/PromotionDisplayView?listId=2&amp;catalogId=10241&amp;productId=1533020&amp;langId=44&amp;storeId=10151&amp;promotionId=10664136"><!-- BEGIN include/PromotionStrapline.jspf -->Meal Deal for Â£5.00<br>

<!-- FINISH include/PromotionStrapline.jspf -->
                            </a>
                        </p>
                    
                        <p>
                            <a strapline="Meal Deal for Â£3.75 | 8194083" href="https://www.sainsburys.co.uk/shop/PromotionDisplayView?listId=2&amp;catalogId=10241&amp;productId=1533020&amp;langId=44&amp;storeId=10151&amp;promotionId=10669742">PLUS <!-- BEGIN include/PromotionStrapline.jspf -->Meal Deal for Â£3.75<br>

<!-- FINISH include/PromotionStrapline.jspf -->
                            </a>
                        </p>
                                
</div>

                    <div class="ThumbnailRoundel">
                    <!--ThumbnailRoundel --> 
                    </div>
                    <div class="promoBages">
                        <!-- PROMOTION -->
                    </div>


                    <!-- Review --><!-- BEGIN CatalogEntryRatingsReviewsInfo.jspf --><!-- productAllowedRatingsAndReviews: true -->
<div class="reviews">

    <a class="numberOfReviews" href="https://www.sainsburys.co.uk/shop/gb/groceries/product/details/walkers-sensations-mature-cheddar-cheese-chilli-grab-bag-crisps-40g">
        <img src="//www.sainsburys.co.uk/wcsstore7.137.2/SainsburysStorefrontAssetStore/img/stars/rating-5_0.gif" alt="5.0" border="0">&nbsp; 
        Reviews (2)
    </a>

</div>
<!-- END CatalogEntryRatingsReviewsInfo.jspf -->
                </div>
                <!--ThumbnailRestriction -->
            </div>
            
            <div class="addToTrolleytabBox">
            <!-- addToTrolleytabBox LIST VIEW--><!-- Start UserSubscribedOrNot.jspf --><!-- Start UserSubscribedOrNot.jsp --><!-- 
    If the user is not logged in, render this opening 
    DIV adding an addtional class to fix the border top which is removed 
    and replaced by the tabs
-->
<div class="addToTrolleytabContainer addItemBorderTop">
<!-- End AddToSubscriptionList.jsp --><!-- End AddSubscriptionList.jspf --><!-- 
                    ATTENTION!!!
                    <div class="addToTrolleytabContainer">
                    This opening div is inside "../../ReusableObjects/UserSubscribedOrNot.jsp"
                    -->
                <div class="pricingAndTrolleyOptions">  
                    <div class="priceTab activeContainer priceTabContainer" id="addItem_1533021"> 
                        <div class="pricing">
                            
<p class="pricePerUnit">
Â£1.10 
</p>

<p class="pricePerMeasure">Â£2.75<abbr title="per">/</abbr>100<abbr title="gram"><span class="pricePerMeasureMeasure">g</span></abbr>
</p>

                                
                        </div>  
                          
                                    <div class="addToTrolleyForm ">   
                                        <!-- BEGIN AddToTrolley.jsp --><!-- fire an on add to bag here from  -->

<form class="addToTrolleyForm" name="OrderItemAddForm_1533020" action="OrderItemAdd" method="post" id="OrderItemAddForm_1533020">
    <input type="hidden" name="storeId" value="10151">
    <input type="hidden" name="langId" value="44">
    <input type="hidden" name="catalogId" value="10241">
    <input type="hidden" name="authToken" id="authToken1533020" value="-1002%2C3jIiHU%2F3lFc4jalpGDAhYOztAdQ%3D">
    
    
    <input type="hidden" name="errorViewName" value="PromotionDisplayView">
    <input type="hidden" name="SKU_ID" value="8194083">
    <input type="hidden" name="itemType" value="">
    <input type="hidden" name="parentSKU" value="">
    
    
       <input type="hidden" id="productCatentryId_1533021" value="1533020">
       <input type="hidden" id="catEntryId_1533020" value="1533021">
       <input type="hidden" name="ItemSKU_ID" value="8194083">
     
        
        <div class="quantity hidden" id="updateQtyPanelProduct_1533020" data-qty="">
            <ul>
                <li>
                    <a class="button decreaseQty " id="decreaseQty_1533020" href="#">-</a> 
                </li>
                <li>	
                    <label class="access" for="quantity_1533020">Quantity</label>						
                    <a href="#" class="button quantityPlp  " id="quantityUpdate_1533020">
                        </a>
                    <input name="quantity" id="quantity_1533020" type="hidden" size="3" value="" class="quantity">		        
                </li>
                <li>
                    
                    <a class="button increaseQty " id="increaseQty_1533020" href="#">+</a>
                </li>
            </ul>
        </div>				
            
        
            <input type="hidden" name="catEntryId" value="1533021">
        

        <input type="hidden" name="productId" value="1533020">
        

    <input type="hidden" name="URL" value="https://www.sainsburys.co.uk/webapp/wcs/stores/servlet/PromotionDisplayView?listId=2&amp;catalogId=10241&amp;productId=1117540&amp;langId=44&amp;storeId=10151&amp;promotionId=10669742">
    <input type="hidden" name="page" value="">
    <input type="hidden" name="contractId" value="">
    <input type="hidden" name="calculateOrder" value="1">
    <input type="hidden" name="calculationUsage" value="-1,-2,-3">
    <input type="hidden" name="updateable" value="1">
    <input type="hidden" name="merge" value="***">

                                  
            <input type="hidden" id="updateUrl_1533020" updateurlchild_1533021="AjaxOrderItemUpdate?calculateOrder=1&amp;itemType=&amp;ordItemUpdateFlag=0&amp;orderId=.&amp;updatePrices=1&amp;authToken=-1002%252C3jIiHU%252F3lFc4jalpGDAhYOztAdQ%253D&amp;calculationUsage=-1,-2,-3&amp;storeId=10151&amp;errorViewName=AjaxQuickCartDisplay&amp;URL=AjaxQuickCartDisplay&amp;catEntryId=1533021&amp;orderItemId_0=&amp;UOM_0=&amp;langId=44&amp;quantity_0=1">
            <input type="hidden" id="removeUrl_1533020" removeurlchild_1533021="AjaxOrderItemUpdate?calculateOrder=1&amp;itemType=&amp;productId=&amp;ordItemUpdateFlag=2&amp;orderId=.&amp;updatePrices=1&amp;authToken=-1002%252C3jIiHU%252F3lFc4jalpGDAhYOztAdQ%253D&amp;calculationUsage=-1,-2,-3&amp;storeId=10151&amp;errorViewName=AjaxQuickCartDisplay&amp;URL=AjaxQuickCartDisplay&amp;catEntryId=1533021&amp;productSKU=&amp;orderItemId_0=&amp;qtyDecremented=true&amp;langId=44&amp;quantity_0=0">           
         
       <input type="hidden" name="callAjax" value="false">
       
    
    <div class="add2Cart " id="addQtyPanelProduct_1533020">    
        
            <a class="button process addQty  " id="addQty_1533020" href="#">
                Add
            </a>

            <input type="hidden" name="Add" value="Add">
        
    </div>

</form>
<!-- END AddToTrolley.jsp -->
                                    </div>  
                                
                    </div><!-- END priceTabContainer Add container --><!-- Subscribe container --><!-- Start AddToSubscriptionList.jspf --><!-- Start AddToSubscriptionList.jsp --><!-- End AddToSubscriptionList.jsp --><!-- End AddToSubscriptionList.jspf --> 
                </div>  
            </div>  
        </div>
    </div>     
    </div> 
    <div id="additionalItems_1533021" class="additionalItems">
        <!-- BEGIN MerchandisingAssociationsDisplay.jsp --><!-- Start - JSP File Name:  MerchandisingAssociationsDisplay.jsp --><!-- END MerchandisingAssociationsDisplay.jsp -->  
    </div> 

<!-- END CatalogEntryThumbnailDisplay.jsp -->
                            </li>
                        
                            <li>
                                
                                                <div class="trolleySummary"><p class="saving">
                                                         <!-- %@ include file="../../include/PromotionStrapline.jspf"% -->
                                                </p></div>
                                            
                                                <div class="trolleySummary"><p class="saving">
                                                         <!-- %@ include file="../../include/PromotionStrapline.jspf"% -->
                                                </p></div>
                                            
                                                <div class="trolleySummary"><p class="saving">
                                                         <!-- %@ include file="../../include/PromotionStrapline.jspf"% -->
                                                </p></div>
                                            <!-- BEGIN CatalogEntryThumbnailDisplay.jsp -->
    <div class="product ">
        
        <div class="errorBanner hidden" id="error1550524"></div>
                        
        
        <div class="productInner">
            <div class="productInfoWrapper">
                <div class="productInfo">
                    
                            <h3>
                                <a href="https://www.sainsburys.co.uk/shop/gb/groceries/product/details/quaker-rolled-porridge-oats-1kg">
                                    Quaker Rolled Porridge Oats 1kg
                                    <img src="https://assets.sainsburys-groceries.co.uk/gol/8208337/image.jpg" alt="">
                                </a>
                            </h3>
                        
<div class="promotion">

                        <p>
                            <a strapline="Meal Deal for Â£5.00 | 8208337" href="https://www.sainsburys.co.uk/shop/PromotionDisplayView?listId=2&amp;catalogId=10241&amp;productId=1550524&amp;langId=44&amp;storeId=10151&amp;promotionId=10664136"><!-- BEGIN include/PromotionStrapline.jspf -->Meal Deal for Â£5.00<br>

<!-- FINISH include/PromotionStrapline.jspf -->
                            </a>
                        </p>
                    
                        <p>
                            <a strapline="Meal Deal for Â£3.75 | 8208337" href="https://www.sainsburys.co.uk/shop/PromotionDisplayView?listId=2&amp;catalogId=10241&amp;productId=1550524&amp;langId=44&amp;storeId=10151&amp;promotionId=10669742">PLUS <!-- BEGIN include/PromotionStrapline.jspf -->Meal Deal for Â£3.75<br>

<!-- FINISH include/PromotionStrapline.jspf -->
                            </a>
                        </p>
                                
</div>

                    <div class="ThumbnailRoundel">
                    <!--ThumbnailRoundel --> 
                    </div>
                    <div class="promoBages">
                        <!-- PROMOTION -->
                    </div>


                    <!-- Review --><!-- BEGIN CatalogEntryRatingsReviewsInfo.jspf --><!-- productAllowedRatingsAndReviews: true -->
<div class="reviews">

    <a class="numberOfReviews" href="https://www.sainsburys.co.uk/shop/gb/groceries/product/details/quaker-rolled-porridge-oats-1kg">
        <img src="//www.sainsburys.co.uk/wcsstore7.137.2/SainsburysStorefrontAssetStore/img/stars/rating-4_6.gif" alt="4.5714" border="0">&nbsp; 
        Reviews (7)
    </a>

</div>
<!-- END CatalogEntryRatingsReviewsInfo.jspf -->
                </div>
                <!--ThumbnailRestriction -->
            </div>
            
            <div class="addToTrolleytabBox">
            <!-- addToTrolleytabBox LIST VIEW--><!-- Start UserSubscribedOrNot.jspf --><!-- Start UserSubscribedOrNot.jsp --><!-- 
    If the user is not logged in, render this opening 
    DIV adding an addtional class to fix the border top which is removed 
    and replaced by the tabs
-->
<div class="addToTrolleytabContainer addItemBorderTop">
<!-- End AddToSubscriptionList.jsp --><!-- End AddSubscriptionList.jspf --><!-- 
                    ATTENTION!!!
                    <div class="addToTrolleytabContainer">
                    This opening div is inside "../../ReusableObjects/UserSubscribedOrNot.jsp"
                    -->
                <div class="pricingAndTrolleyOptions">  
                    <div class="priceTab activeContainer priceTabContainer" id="addItem_1550525"> 
                        <div class="pricing">
                            
<p class="pricePerUnit">
Â£1.35 
</p>

<p class="pricePerMeasure">Â£3.38<abbr title="per">/</abbr>100<abbr title="gram"><span class="pricePerMeasureMeasure">g</span></abbr>
</p>

                                
                        </div>  
                          
                                    <div class="addToTrolleyForm ">   
                                        <!-- BEGIN AddToTrolley.jsp --><!-- fire an on add to bag here from  -->

<form class="addToTrolleyForm" name="OrderItemAddForm_1550524" action="OrderItemAdd" method="post" id="OrderItemAddForm_1550524">
    <input type="hidden" name="storeId" value="10151">
    <input type="hidden" name="langId" value="44">
    <input type="hidden" name="catalogId" value="10241">
    <input type="hidden" name="authToken" id="authToken1550524" value="-1002%2C3jIiHU%2F3lFc4jalpGDAhYOztAdQ%3D">
    
    
    <input type="hidden" name="errorViewName" value="PromotionDisplayView">
    <input type="hidden" name="SKU_ID" value="8208337">
    <input type="hidden" name="itemType" value="">
    <input type="hidden" name="parentSKU" value="">
    
    
       <input type="hidden" id="productCatentryId_1550525" value="1550524">
       <input type="hidden" id="catEntryId_1550524" value="1550525">
       <input type="hidden" name="ItemSKU_ID" value="8208337">
     
        
        <div class="quantity hidden" id="updateQtyPanelProduct_1550524" data-qty="">
            <ul>
                <li>
                    <a class="button decreaseQty " id="decreaseQty_1550524" href="#">-</a> 
                </li>
                <li>	
                    <label class="access" for="quantity_1550524">Quantity</label>						
                    <a href="#" class="button quantityPlp  " id="quantityUpdate_1550524">
                        </a>
                    <input name="quantity" id="quantity_1550524" type="hidden" size="3" value="" class="quantity">		        
                </li>
                <li>
                    
                    <a class="button increaseQty " id="increaseQty_1550524" href="#">+</a>
                </li>
            </ul>
        </div>				
            
        
            <input type="hidden" name="catEntryId" value="1550525">
        

        <input type="hidden" name="productId" value="1550524">
        

    <input type="hidden" name="URL" value="https://www.sainsburys.co.uk/webapp/wcs/stores/servlet/PromotionDisplayView?listId=2&amp;catalogId=10241&amp;productId=1117540&amp;langId=44&amp;storeId=10151&amp;promotionId=10669742">
    <input type="hidden" name="page" value="">
    <input type="hidden" name="contractId" value="">
    <input type="hidden" name="calculateOrder" value="1">
    <input type="hidden" name="calculationUsage" value="-1,-2,-3">
    <input type="hidden" name="updateable" value="1">
    <input type="hidden" name="merge" value="***">

                                  
            <input type="hidden" id="updateUrl_1550524" updateurlchild_1550525="AjaxOrderItemUpdate?calculateOrder=1&amp;itemType=&amp;ordItemUpdateFlag=0&amp;orderId=.&amp;updatePrices=1&amp;authToken=-1002%252C3jIiHU%252F3lFc4jalpGDAhYOztAdQ%253D&amp;calculationUsage=-1,-2,-3&amp;storeId=10151&amp;errorViewName=AjaxQuickCartDisplay&amp;URL=AjaxQuickCartDisplay&amp;catEntryId=1550525&amp;orderItemId_0=&amp;UOM_0=&amp;langId=44&amp;quantity_0=1">
            <input type="hidden" id="removeUrl_1550524" removeurlchild_1550525="AjaxOrderItemUpdate?calculateOrder=1&amp;itemType=&amp;productId=&amp;ordItemUpdateFlag=2&amp;orderId=.&amp;updatePrices=1&amp;authToken=-1002%252C3jIiHU%252F3lFc4jalpGDAhYOztAdQ%253D&amp;calculationUsage=-1,-2,-3&amp;storeId=10151&amp;errorViewName=AjaxQuickCartDisplay&amp;URL=AjaxQuickCartDisplay&amp;catEntryId=1550525&amp;productSKU=&amp;orderItemId_0=&amp;qtyDecremented=true&amp;langId=44&amp;quantity_0=0">           
         
       <input type="hidden" name="callAjax" value="false">
       
    
    <div class="add2Cart " id="addQtyPanelProduct_1550524">    
        
            <a class="button process addQty  " id="addQty_1550524" href="#">
                Add
            </a>

            <input type="hidden" name="Add" value="Add">
        
    </div>

</form>
<!-- END AddToTrolley.jsp -->
                                    </div>  
                                
                    </div><!-- END priceTabContainer Add container --><!-- Subscribe container --><!-- Start AddToSubscriptionList.jspf --><!-- Start AddToSubscriptionList.jsp --><!-- End AddToSubscriptionList.jsp --><!-- End AddToSubscriptionList.jspf --> 
                </div>  
            </div>  
        </div>
    </div>     
    </div> 
    <div id="additionalItems_1550525" class="additionalItems">
        <!-- BEGIN MerchandisingAssociationsDisplay.jsp --><!-- Start - JSP File Name:  MerchandisingAssociationsDisplay.jsp --><!-- END MerchandisingAssociationsDisplay.jsp -->  
    </div> 

<!-- END CatalogEntryThumbnailDisplay.jsp -->
                            </li>
                        
                            <li>
                                
                                                <div class="trolleySummary"><p class="saving">
                                                         <!-- %@ include file="../../include/PromotionStrapline.jspf"% -->
                                                </p></div>
                                            
                                                <div class="trolleySummary"><p class="saving">
                                                         <!-- %@ include file="../../include/PromotionStrapline.jspf"% -->
                                                </p></div>
                                            
                                                <div class="trolleySummary"><p class="saving">
                                                         <!-- %@ include file="../../include/PromotionStrapline.jspf"% -->
                                                </p></div>
                                            <!-- BEGIN CatalogEntryThumbnailDisplay.jsp -->
    <div class="product ">
        
        <div class="errorBanner hidden" id="error1528366"></div>
                        
        
        <div class="productInner">
            <div class="productInfoWrapper">
                <div class="productInfo">
                    
                            <h3>
                                <a href="https://www.sainsburys.co.uk/shop/gb/groceries/product/details/eat-natural-almond-apricot-with-a-yoghurt-coating-fruit-nut-bars-40g">
                                    Eat Natural Almond Apricot with a Yoghurt Coating Fruit &amp; Nut Bars 40g
                                    <img src="https://assets.sainsburys-groceries.co.uk/gol/8190951/image.jpg" alt="">
                                </a>
                            </h3>
                        
<div class="promotion">

                        <p>
                            <a strapline="Meal Deal for Â£5.00 | 8190951" href="https://www.sainsburys.co.uk/shop/PromotionDisplayView?listId=2&amp;catalogId=10241&amp;productId=1528366&amp;langId=44&amp;storeId=10151&amp;promotionId=10664136"><!-- BEGIN include/PromotionStrapline.jspf -->Meal Deal for Â£5.00<br>

<!-- FINISH include/PromotionStrapline.jspf -->
                            </a>
                        </p>
                    
                        <p>
                            <a strapline="Meal Deal for Â£3.75 | 8190951" href="https://www.sainsburys.co.uk/shop/PromotionDisplayView?listId=2&amp;catalogId=10241&amp;productId=1528366&amp;langId=44&amp;storeId=10151&amp;promotionId=10669742">PLUS <!-- BEGIN include/PromotionStrapline.jspf -->Meal Deal for Â£3.75<br>

<!-- FINISH include/PromotionStrapline.jspf -->
                            </a>
                        </p>
                                
</div>

                    <div class="ThumbnailRoundel">
                    <!--ThumbnailRoundel --> 
                    </div>
                    <div class="promoBages">
                        <!-- PROMOTION -->
                    </div>


                    <!-- Review --><!-- BEGIN CatalogEntryRatingsReviewsInfo.jspf --><!-- productAllowedRatingsAndReviews: true -->
<div class="reviews">

    <a class="numberOfReviews" href="https://www.sainsburys.co.uk/shop/gb/groceries/product/details/eat-natural-almond-apricot-with-a-yoghurt-coating-fruit-nut-bars-40g">
        <img src="//www.sainsburys.co.uk/wcsstore7.137.2/SainsburysStorefrontAssetStore/img/stars/rating-4_7.gif" alt="4.6585" border="0">&nbsp; 
        Reviews (82)
    </a>

</div>
<!-- END CatalogEntryRatingsReviewsInfo.jspf -->
                </div>
                <!--ThumbnailRestriction -->
            </div>
            
            <div class="addToTrolleytabBox">
            <!-- addToTrolleytabBox LIST VIEW--><!-- Start UserSubscribedOrNot.jspf --><!-- Start UserSubscribedOrNot.jsp --><!-- 
    If the user is not logged in, render this opening 
    DIV adding an addtional class to fix the border top which is removed 
    and replaced by the tabs
-->
<div class="addToTrolleytabContainer addItemBorderTop">
<!-- End AddToSubscriptionList.jsp --><!-- End AddSubscriptionList.jspf --><!-- 
                    ATTENTION!!!
                    <div class="addToTrolleytabContainer">
                    This opening div is inside "../../ReusableObjects/UserSubscribedOrNot.jsp"
                    -->
                <div class="pricingAndTrolleyOptions">  
                    <div class="priceTab activeContainer priceTabContainer" id="addItem_1528367"> 
                        <div class="pricing">
                            
<p class="pricePerUnit">
Â£1.25 
</p>

<p class="pricePerMeasure">Â£3.13<abbr title="per">/</abbr>100<abbr title="gram"><span class="pricePerMeasureMeasure">g</span></abbr>
</p>

                                
                        </div>  
                          
                                    <div class="addToTrolleyForm ">   
                                        <!-- BEGIN AddToTrolley.jsp --><!-- fire an on add to bag here from  -->

<form class="addToTrolleyForm" name="OrderItemAddForm_1528366" action="OrderItemAdd" method="post" id="OrderItemAddForm_1528366">
    <input type="hidden" name="storeId" value="10151">
    <input type="hidden" name="langId" value="44">
    <input type="hidden" name="catalogId" value="10241">
    <input type="hidden" name="authToken" id="authToken1528366" value="-1002%2C3jIiHU%2F3lFc4jalpGDAhYOztAdQ%3D">
    
    
    <input type="hidden" name="errorViewName" value="PromotionDisplayView">
    <input type="hidden" name="SKU_ID" value="8190951">
    <input type="hidden" name="itemType" value="">
    <input type="hidden" name="parentSKU" value="">
    
    
       <input type="hidden" id="productCatentryId_1528367" value="1528366">
       <input type="hidden" id="catEntryId_1528366" value="1528367">
       <input type="hidden" name="ItemSKU_ID" value="8190951">
     
        
        <div class="quantity hidden" id="updateQtyPanelProduct_1528366" data-qty="">
            <ul>
                <li>
                    <a class="button decreaseQty " id="decreaseQty_1528366" href="#">-</a> 
                </li>
                <li>	
                    <label class="access" for="quantity_1528366">Quantity</label>						
                    <a href="#" class="button quantityPlp  " id="quantityUpdate_1528366">
                        </a>
                    <input name="quantity" id="quantity_1528366" type="hidden" size="3" value="" class="quantity">		        
                </li>
                <li>
                    
                    <a class="button increaseQty " id="increaseQty_1528366" href="#">+</a>
                </li>
            </ul>
        </div>				
            
        
            <input type="hidden" name="catEntryId" value="1528367">
        

        <input type="hidden" name="productId" value="1528366">
        

    <input type="hidden" name="URL" value="https://www.sainsburys.co.uk/webapp/wcs/stores/servlet/PromotionDisplayView?listId=2&amp;catalogId=10241&amp;productId=1117540&amp;langId=44&amp;storeId=10151&amp;promotionId=10669742">
    <input type="hidden" name="page" value="">
    <input type="hidden" name="contractId" value="">
    <input type="hidden" name="calculateOrder" value="1">
    <input type="hidden" name="calculationUsage" value="-1,-2,-3">
    <input type="hidden" name="updateable" value="1">
    <input type="hidden" name="merge" value="***">

                                  
            <input type="hidden" id="updateUrl_1528366" updateurlchild_1528367="AjaxOrderItemUpdate?calculateOrder=1&amp;itemType=&amp;ordItemUpdateFlag=0&amp;orderId=.&amp;updatePrices=1&amp;authToken=-1002%252C3jIiHU%252F3lFc4jalpGDAhYOztAdQ%253D&amp;calculationUsage=-1,-2,-3&amp;storeId=10151&amp;errorViewName=AjaxQuickCartDisplay&amp;URL=AjaxQuickCartDisplay&amp;catEntryId=1528367&amp;orderItemId_0=&amp;UOM_0=&amp;langId=44&amp;quantity_0=1">
            <input type="hidden" id="removeUrl_1528366" removeurlchild_1528367="AjaxOrderItemUpdate?calculateOrder=1&amp;itemType=&amp;productId=&amp;ordItemUpdateFlag=2&amp;orderId=.&amp;updatePrices=1&amp;authToken=-1002%252C3jIiHU%252F3lFc4jalpGDAhYOztAdQ%253D&amp;calculationUsage=-1,-2,-3&amp;storeId=10151&amp;errorViewName=AjaxQuickCartDisplay&amp;URL=AjaxQuickCartDisplay&amp;catEntryId=1528367&amp;productSKU=&amp;orderItemId_0=&amp;qtyDecremented=true&amp;langId=44&amp;quantity_0=0">           
         
       <input type="hidden" name="callAjax" value="false">
       
    
    <div class="add2Cart " id="addQtyPanelProduct_1528366">    
        
            <a class="button process addQty  " id="addQty_1528366" href="#">
                Add
            </a>

            <input type="hidden" name="Add" value="Add">
        
    </div>

</form>
<!-- END AddToTrolley.jsp -->
                                    </div>  
                                
                    </div><!-- END priceTabContainer Add container --><!-- Subscribe container --><!-- Start AddToSubscriptionList.jspf --><!-- Start AddToSubscriptionList.jsp --><!-- End AddToSubscriptionList.jsp --><!-- End AddToSubscriptionList.jspf --> 
                </div>  
            </div>  
        </div>
    </div>     
    </div> 
    <div id="additionalItems_1528367" class="additionalItems">
        <!-- BEGIN MerchandisingAssociationsDisplay.jsp --><!-- Start - JSP File Name:  MerchandisingAssociationsDisplay.jsp --><!-- END MerchandisingAssociationsDisplay.jsp -->  
    </div> 

<!-- END CatalogEntryThumbnailDisplay.jsp -->
                            </li>
                        
                            <li>
                                
                                                <div class="trolleySummary"><p class="saving">
                                                         <!-- %@ include file="../../include/PromotionStrapline.jspf"% -->
                                                </p></div>
                                            
                                                <div class="trolleySummary"><p class="saving">
                                                         <!-- %@ include file="../../include/PromotionStrapline.jspf"% -->
                                                </p></div>
                                            
                                                <div class="trolleySummary"><p class="saving">
                                                         <!-- %@ include file="../../include/PromotionStrapline.jspf"% -->
                                                </p></div>
                                            <!-- BEGIN CatalogEntryThumbnailDisplay.jsp -->
    <div class="product ">
        
        <div class="errorBanner hidden" id="error1509912"></div>
                        
        
        <div class="productInner">
            <div class="productInfoWrapper">
                <div class="productInfo">
                    
                            <h3>
                                <a href="https://www.sainsburys.co.uk/shop/gb/groceries/product/details/kind-protein-dark-chocolate-nut-50g">
                                    Kind Protein Dark Chocolate Nut 50g
                                    <img src="https://assets.sainsburys-groceries.co.uk/gol/7966371/image.jpg" alt="">
                                </a>
                            </h3>
                        
<div class="promotion">

                        <p>
                            <a strapline="Meal Deal for Â£5.00 | 7966371" href="https://www.sainsburys.co.uk/shop/PromotionDisplayView?listId=2&amp;catalogId=10241&amp;productId=1509912&amp;langId=44&amp;storeId=10151&amp;promotionId=10664136"><!-- BEGIN include/PromotionStrapline.jspf -->Meal Deal for Â£5.00<br>

<!-- FINISH include/PromotionStrapline.jspf -->
                            </a>
                        </p>
                    
                        <p>
                            <a strapline="Meal Deal for Â£3.75 | 7966371" href="https://www.sainsburys.co.uk/shop/PromotionDisplayView?listId=2&amp;catalogId=10241&amp;productId=1509912&amp;langId=44&amp;storeId=10151&amp;promotionId=10669742">PLUS <!-- BEGIN include/PromotionStrapline.jspf -->Meal Deal for Â£3.75<br>

<!-- FINISH include/PromotionStrapline.jspf -->
                            </a>
                        </p>
                                
</div>

                    <div class="ThumbnailRoundel">
                    <!--ThumbnailRoundel --> 
                    </div>
                    <div class="promoBages">
                        <!-- PROMOTION -->
                    </div>


                    <!-- Review --><!-- BEGIN CatalogEntryRatingsReviewsInfo.jspf --><!-- productAllowedRatingsAndReviews: true -->
<div class="reviews">

    <a class="numberOfReviews" href="https://www.sainsburys.co.uk/shop/gb/groceries/product/details/kind-protein-dark-chocolate-nut-50g">
        <img src="//www.sainsburys.co.uk/wcsstore7.137.2/SainsburysStorefrontAssetStore/img/stars/rating-4_6.gif" alt="4.6" border="0">&nbsp; 
        Reviews (5)
    </a>

</div>
<!-- END CatalogEntryRatingsReviewsInfo.jspf -->
                </div>
                <!--ThumbnailRestriction -->
            </div>
            
            <div class="addToTrolleytabBox">
            <!-- addToTrolleytabBox LIST VIEW--><!-- Start UserSubscribedOrNot.jspf --><!-- Start UserSubscribedOrNot.jsp --><!-- 
    If the user is not logged in, render this opening 
    DIV adding an addtional class to fix the border top which is removed 
    and replaced by the tabs
-->
<div class="addToTrolleytabContainer addItemBorderTop">
<!-- End AddToSubscriptionList.jsp --><!-- End AddSubscriptionList.jspf --><!-- 
                    ATTENTION!!!
                    <div class="addToTrolleytabContainer">
                    This opening div is inside "../../ReusableObjects/UserSubscribedOrNot.jsp"
                    -->
                <div class="pricingAndTrolleyOptions">  
                    <div class="priceTab activeContainer priceTabContainer" id="addItem_1509913"> 
                        <div class="pricing">
                            
<p class="pricePerUnit">
Â£2.20 
</p>

<p class="pricePerMeasure">Â£4.40<abbr title="per">/</abbr>100<abbr title="gram"><span class="pricePerMeasureMeasure">g</span></abbr>
</p>

                                
                        </div>  
                          
                                    <div class="addToTrolleyForm ">   
                                        <!-- BEGIN AddToTrolley.jsp --><!-- fire an on add to bag here from  -->

<form class="addToTrolleyForm" name="OrderItemAddForm_1509912" action="OrderItemAdd" method="post" id="OrderItemAddForm_1509912">
    <input type="hidden" name="storeId" value="10151">
    <input type="hidden" name="langId" value="44">
    <input type="hidden" name="catalogId" value="10241">
    <input type="hidden" name="authToken" id="authToken1509912" value="-1002%2C3jIiHU%2F3lFc4jalpGDAhYOztAdQ%3D">
    
    
    <input type="hidden" name="errorViewName" value="PromotionDisplayView">
    <input type="hidden" name="SKU_ID" value="7966371">
    <input type="hidden" name="itemType" value="">
    <input type="hidden" name="parentSKU" value="">
    
    
       <input type="hidden" id="productCatentryId_1509913" value="1509912">
       <input type="hidden" id="catEntryId_1509912" value="1509913">
       <input type="hidden" name="ItemSKU_ID" value="7966371">
     
        
        <div class="quantity hidden" id="updateQtyPanelProduct_1509912" data-qty="">
            <ul>
                <li>
                    <a class="button decreaseQty " id="decreaseQty_1509912" href="#">-</a> 
                </li>
                <li>	
                    <label class="access" for="quantity_1509912">Quantity</label>						
                    <a href="#" class="button quantityPlp  " id="quantityUpdate_1509912">
                        </a>
                    <input name="quantity" id="quantity_1509912" type="hidden" size="3" value="" class="quantity">		        
                </li>
                <li>
                    
                    <a class="button increaseQty " id="increaseQty_1509912" href="#">+</a>
                </li>
            </ul>
        </div>				
            
        
            <input type="hidden" name="catEntryId" value="1509913">
        

        <input type="hidden" name="productId" value="1509912">
        

    <input type="hidden" name="URL" value="https://www.sainsburys.co.uk/webapp/wcs/stores/servlet/PromotionDisplayView?listId=2&amp;catalogId=10241&amp;productId=1117540&amp;langId=44&amp;storeId=10151&amp;promotionId=10669742">
    <input type="hidden" name="page" value="">
    <input type="hidden" name="contractId" value="">
    <input type="hidden" name="calculateOrder" value="1">
    <input type="hidden" name="calculationUsage" value="-1,-2,-3">
    <input type="hidden" name="updateable" value="1">
    <input type="hidden" name="merge" value="***">

                                  
            <input type="hidden" id="updateUrl_1509912" updateurlchild_1509913="AjaxOrderItemUpdate?calculateOrder=1&amp;itemType=&amp;ordItemUpdateFlag=0&amp;orderId=.&amp;updatePrices=1&amp;authToken=-1002%252C3jIiHU%252F3lFc4jalpGDAhYOztAdQ%253D&amp;calculationUsage=-1,-2,-3&amp;storeId=10151&amp;errorViewName=AjaxQuickCartDisplay&amp;URL=AjaxQuickCartDisplay&amp;catEntryId=1509913&amp;orderItemId_0=&amp;UOM_0=&amp;langId=44&amp;quantity_0=1">
            <input type="hidden" id="removeUrl_1509912" removeurlchild_1509913="AjaxOrderItemUpdate?calculateOrder=1&amp;itemType=&amp;productId=&amp;ordItemUpdateFlag=2&amp;orderId=.&amp;updatePrices=1&amp;authToken=-1002%252C3jIiHU%252F3lFc4jalpGDAhYOztAdQ%253D&amp;calculationUsage=-1,-2,-3&amp;storeId=10151&amp;errorViewName=AjaxQuickCartDisplay&amp;URL=AjaxQuickCartDisplay&amp;catEntryId=1509913&amp;productSKU=&amp;orderItemId_0=&amp;qtyDecremented=true&amp;langId=44&amp;quantity_0=0">           
         
       <input type="hidden" name="callAjax" value="false">
       
    
    <div class="add2Cart " id="addQtyPanelProduct_1509912">    
        
            <a class="button process addQty  " id="addQty_1509912" href="#">
                Add
            </a>

            <input type="hidden" name="Add" value="Add">
        
    </div>

</form>
<!-- END AddToTrolley.jsp -->
                                    </div>  
                                
                    </div><!-- END priceTabContainer Add container --><!-- Subscribe container --><!-- Start AddToSubscriptionList.jspf --><!-- Start AddToSubscriptionList.jsp --><!-- End AddToSubscriptionList.jsp --><!-- End AddToSubscriptionList.jspf --> 
                </div>  
            </div>  
        </div>
    </div>     
    </div> 
    <div id="additionalItems_1509913" class="additionalItems">
        <!-- BEGIN MerchandisingAssociationsDisplay.jsp --><!-- Start - JSP File Name:  MerchandisingAssociationsDisplay.jsp --><!-- END MerchandisingAssociationsDisplay.jsp -->  
    </div> 

<!-- END CatalogEntryThumbnailDisplay.jsp -->
                            </li>
                        
                            <li>
                                
                                                <div class="trolleySummary"><p class="saving">
                                                         <!-- %@ include file="../../include/PromotionStrapline.jspf"% -->
                                                </p></div>
                                            
                                                <div class="trolleySummary"><p class="saving">
                                                         <!-- %@ include file="../../include/PromotionStrapline.jspf"% -->
                                                </p></div>
                                            
                                                <div class="trolleySummary"><p class="saving">
                                                         <!-- %@ include file="../../include/PromotionStrapline.jspf"% -->
                                                </p></div>
                                            <!-- BEGIN CatalogEntryThumbnailDisplay.jsp -->
    <div class="product ">
        
        <div class="errorBanner hidden" id="error1227930"></div>
                        
        
        <div class="productInner">
            <div class="productInfoWrapper">
                <div class="productInfo">
                    
                            <h3>
                                <a href="https://www.sainsburys.co.uk/shop/gb/groceries/product/details/walkers-squares-salt-vinegar-snacks-crisps-40g">
                                    Walkers Squares Salt &amp; Vinegar Snacks Crisps 40g
                                    <img src="https://assets.sainsburys-groceries.co.uk/gol/7920998/image.jpg" alt="">
                                </a>
                            </h3>
                        
<div class="promotion">

                        <p>
                            <a strapline="Meal Deal for Â£5.00 | 7920998" href="https://www.sainsburys.co.uk/shop/PromotionDisplayView?listId=2&amp;catalogId=10241&amp;productId=1227930&amp;langId=44&amp;storeId=10151&amp;promotionId=10664136"><!-- BEGIN include/PromotionStrapline.jspf -->Meal Deal for Â£5.00<br>

<!-- FINISH include/PromotionStrapline.jspf -->
                            </a>
                        </p>
                    
                        <p>
                            <a strapline="Meal Deal for Â£3.75 | 7920998" href="https://www.sainsburys.co.uk/shop/PromotionDisplayView?listId=2&amp;catalogId=10241&amp;productId=1227930&amp;langId=44&amp;storeId=10151&amp;promotionId=10669742">PLUS <!-- BEGIN include/PromotionStrapline.jspf -->Meal Deal for Â£3.75<br>

<!-- FINISH include/PromotionStrapline.jspf -->
                            </a>
                        </p>
                                
</div>

                    <div class="ThumbnailRoundel">
                    <!--ThumbnailRoundel --> 
                    </div>
                    <div class="promoBages">
                        <!-- PROMOTION -->
                    </div>


                    <!-- Review --><!-- BEGIN CatalogEntryRatingsReviewsInfo.jspf --><!-- productAllowedRatingsAndReviews: true -->
<div class="reviews">

    <a class="numberOfReviews" href="https://www.sainsburys.co.uk/shop/gb/groceries/product/details/walkers-squares-salt-vinegar-snacks-crisps-40g">
        <img src="//www.sainsburys.co.uk/wcsstore7.137.2/SainsburysStorefrontAssetStore/img/stars/rating-4_8.gif" alt="4.7778" border="0">&nbsp; 
        Reviews (9)
    </a>

</div>
<!-- END CatalogEntryRatingsReviewsInfo.jspf -->
                </div>
                <!--ThumbnailRestriction -->
            </div>
            
            <div class="addToTrolleytabBox">
            <!-- addToTrolleytabBox LIST VIEW--><!-- Start UserSubscribedOrNot.jspf --><!-- Start UserSubscribedOrNot.jsp --><!-- 
    If the user is not logged in, render this opening 
    DIV adding an addtional class to fix the border top which is removed 
    and replaced by the tabs
-->
<div class="addToTrolleytabContainer addItemBorderTop">
<!-- End AddToSubscriptionList.jsp --><!-- End AddSubscriptionList.jspf --><!-- 
                    ATTENTION!!!
                    <div class="addToTrolleytabContainer">
                    This opening div is inside "../../ReusableObjects/UserSubscribedOrNot.jsp"
                    -->
                <div class="pricingAndTrolleyOptions">  
                    <div class="priceTab activeContainer priceTabContainer" id="addItem_1227931"> 
                        <div class="pricing">
                            
<p class="pricePerUnit">
Â£1.10 
</p>

<p class="pricePerMeasure">Â£2.75<abbr title="per">/</abbr>100<abbr title="gram"><span class="pricePerMeasureMeasure">g</span></abbr>
</p>

                                
                        </div>  
                          
                                    <div class="addToTrolleyForm ">   
                                        <!-- BEGIN AddToTrolley.jsp --><!-- fire an on add to bag here from  -->

<form class="addToTrolleyForm" name="OrderItemAddForm_1227930" action="OrderItemAdd" method="post" id="OrderItemAddForm_1227930">
    <input type="hidden" name="storeId" value="10151">
    <input type="hidden" name="langId" value="44">
    <input type="hidden" name="catalogId" value="10241">
    <input type="hidden" name="authToken" id="authToken1227930" value="-1002%2C3jIiHU%2F3lFc4jalpGDAhYOztAdQ%3D">
    
    
    <input type="hidden" name="errorViewName" value="PromotionDisplayView">
    <input type="hidden" name="SKU_ID" value="7920998">
    <input type="hidden" name="itemType" value="">
    <input type="hidden" name="parentSKU" value="">
    
    
       <input type="hidden" id="productCatentryId_1227931" value="1227930">
       <input type="hidden" id="catEntryId_1227930" value="1227931">
       <input type="hidden" name="ItemSKU_ID" value="7920998">
     
        
        <div class="quantity hidden" id="updateQtyPanelProduct_1227930" data-qty="">
            <ul>
                <li>
                    <a class="button decreaseQty " id="decreaseQty_1227930" href="#">-</a> 
                </li>
                <li>	
                    <label class="access" for="quantity_1227930">Quantity</label>						
                    <a href="#" class="button quantityPlp  " id="quantityUpdate_1227930">
                        </a>
                    <input name="quantity" id="quantity_1227930" type="hidden" size="3" value="" class="quantity">		        
                </li>
                <li>
                    
                    <a class="button increaseQty " id="increaseQty_1227930" href="#">+</a>
                </li>
            </ul>
        </div>				
            
        
            <input type="hidden" name="catEntryId" value="1227931">
        

        <input type="hidden" name="productId" value="1227930">
        

    <input type="hidden" name="URL" value="https://www.sainsburys.co.uk/webapp/wcs/stores/servlet/PromotionDisplayView?listId=2&amp;catalogId=10241&amp;productId=1117540&amp;langId=44&amp;storeId=10151&amp;promotionId=10669742">
    <input type="hidden" name="page" value="">
    <input type="hidden" name="contractId" value="">
    <input type="hidden" name="calculateOrder" value="1">
    <input type="hidden" name="calculationUsage" value="-1,-2,-3">
    <input type="hidden" name="updateable" value="1">
    <input type="hidden" name="merge" value="***">

                                  
            <input type="hidden" id="updateUrl_1227930" updateurlchild_1227931="AjaxOrderItemUpdate?calculateOrder=1&amp;itemType=&amp;ordItemUpdateFlag=0&amp;orderId=.&amp;updatePrices=1&amp;authToken=-1002%252C3jIiHU%252F3lFc4jalpGDAhYOztAdQ%253D&amp;calculationUsage=-1,-2,-3&amp;storeId=10151&amp;errorViewName=AjaxQuickCartDisplay&amp;URL=AjaxQuickCartDisplay&amp;catEntryId=1227931&amp;orderItemId_0=&amp;UOM_0=&amp;langId=44&amp;quantity_0=1">
            <input type="hidden" id="removeUrl_1227930" removeurlchild_1227931="AjaxOrderItemUpdate?calculateOrder=1&amp;itemType=&amp;productId=&amp;ordItemUpdateFlag=2&amp;orderId=.&amp;updatePrices=1&amp;authToken=-1002%252C3jIiHU%252F3lFc4jalpGDAhYOztAdQ%253D&amp;calculationUsage=-1,-2,-3&amp;storeId=10151&amp;errorViewName=AjaxQuickCartDisplay&amp;URL=AjaxQuickCartDisplay&amp;catEntryId=1227931&amp;productSKU=&amp;orderItemId_0=&amp;qtyDecremented=true&amp;langId=44&amp;quantity_0=0">           
         
       <input type="hidden" name="callAjax" value="false">
       
    
    <div class="add2Cart " id="addQtyPanelProduct_1227930">    
        
            <a class="button process addQty  " id="addQty_1227930" href="#">
                Add
            </a>

            <input type="hidden" name="Add" value="Add">
        
    </div>

</form>
<!-- END AddToTrolley.jsp -->
                                    </div>  
                                
                    </div><!-- END priceTabContainer Add container --><!-- Subscribe container --><!-- Start AddToSubscriptionList.jspf --><!-- Start AddToSubscriptionList.jsp --><!-- End AddToSubscriptionList.jsp --><!-- End AddToSubscriptionList.jspf --> 
                </div>  
            </div>  
        </div>
    </div>     
    </div> 
    <div id="additionalItems_1227931" class="additionalItems">
        <!-- BEGIN MerchandisingAssociationsDisplay.jsp --><!-- Start - JSP File Name:  MerchandisingAssociationsDisplay.jsp --><!-- END MerchandisingAssociationsDisplay.jsp -->  
    </div> 

<!-- END CatalogEntryThumbnailDisplay.jsp -->
                            </li>
                        
                            <li>
                                
                                                <div class="trolleySummary"><p class="saving">
                                                         <!-- %@ include file="../../include/PromotionStrapline.jspf"% -->
                                                </p></div>
                                            
                                                <div class="trolleySummary"><p class="saving">
                                                         <!-- %@ include file="../../include/PromotionStrapline.jspf"% -->
                                                </p></div>
                                            
                                                <div class="trolleySummary"><p class="saving">
                                                         <!-- %@ include file="../../include/PromotionStrapline.jspf"% -->
                                                </p></div>
                                            <!-- BEGIN CatalogEntryThumbnailDisplay.jsp -->
    <div class="product ">
        
        <div class="errorBanner hidden" id="error1546274"></div>
                        
        
        <div class="productInner">
            <div class="productInfoWrapper">
                <div class="productInfo">
                    
                            <h3>
                                <a href="https://www.sainsburys.co.uk/shop/gb/groceries/product/details/cheez-it-cheese-chilli-thin-crispy-baked-snacks-40g">
                                    Cheez-It Cheese &amp; Chilli Thin &amp; Crispy Baked Snacks 40g
                                    <img src="https://assets.sainsburys-groceries.co.uk/gol/8205433/image.jpg" alt="">
                                </a>
                            </h3>
                        
<div class="promotion">

                        <p>
                            <a strapline="Meal Deal for Â£5.00 | 8205433" href="https://www.sainsburys.co.uk/shop/PromotionDisplayView?listId=2&amp;catalogId=10241&amp;productId=1546274&amp;langId=44&amp;storeId=10151&amp;promotionId=10664136"><!-- BEGIN include/PromotionStrapline.jspf -->Meal Deal for Â£5.00<br>

<!-- FINISH include/PromotionStrapline.jspf -->
                            </a>
                        </p>
                    
                        <p>
                            <a strapline="Meal Deal for Â£3.75 | 8205433" href="https://www.sainsburys.co.uk/shop/PromotionDisplayView?listId=2&amp;catalogId=10241&amp;productId=1546274&amp;langId=44&amp;storeId=10151&amp;promotionId=10669742">PLUS <!-- BEGIN include/PromotionStrapline.jspf -->Meal Deal for Â£3.75<br>

<!-- FINISH include/PromotionStrapline.jspf -->
                            </a>
                        </p>
                                
</div>

                    <div class="ThumbnailRoundel">
                    <!--ThumbnailRoundel --> 
                    </div>
                    <div class="promoBages">
                        <!-- PROMOTION -->
                    </div>


                    <!-- Review --><!-- BEGIN CatalogEntryRatingsReviewsInfo.jspf --><!-- productAllowedRatingsAndReviews: true -->
<div class="reviews">

    <a class="numberOfReviews" href="https://www.sainsburys.co.uk/shop/gb/groceries/product/details/cheez-it-cheese-chilli-thin-crispy-baked-snacks-40g">
        <img src="//www.sainsburys.co.uk/wcsstore7.137.2/SainsburysStorefrontAssetStore/img/stars/rating-4_4.gif" alt="4.4286" border="0">&nbsp; 
        Reviews (7)
    </a>

</div>
<!-- END CatalogEntryRatingsReviewsInfo.jspf -->
                </div>
                <!--ThumbnailRestriction -->
            </div>
            
            <div class="addToTrolleytabBox">
            <!-- addToTrolleytabBox LIST VIEW--><!-- Start UserSubscribedOrNot.jspf --><!-- Start UserSubscribedOrNot.jsp --><!-- 
    If the user is not logged in, render this opening 
    DIV adding an addtional class to fix the border top which is removed 
    and replaced by the tabs
-->
<div class="addToTrolleytabContainer addItemBorderTop">
<!-- End AddToSubscriptionList.jsp --><!-- End AddSubscriptionList.jspf --><!-- 
                    ATTENTION!!!
                    <div class="addToTrolleytabContainer">
                    This opening div is inside "../../ReusableObjects/UserSubscribedOrNot.jsp"
                    -->
                <div class="pricingAndTrolleyOptions">  
                    <div class="priceTab activeContainer priceTabContainer" id="addItem_1546275"> 
                        <div class="pricing">
                            
<p class="pricePerUnit">
Â£1.00 
</p>

<p class="pricePerMeasure">Â£2.50<abbr title="per">/</abbr>100<abbr title="gram"><span class="pricePerMeasureMeasure">g</span></abbr>
</p>

                                
                        </div>  
                          
                                    <div class="addToTrolleyForm ">   
                                        <!-- BEGIN AddToTrolley.jsp --><!-- fire an on add to bag here from  -->

<form class="addToTrolleyForm" name="OrderItemAddForm_1546274" action="OrderItemAdd" method="post" id="OrderItemAddForm_1546274">
    <input type="hidden" name="storeId" value="10151">
    <input type="hidden" name="langId" value="44">
    <input type="hidden" name="catalogId" value="10241">
    <input type="hidden" name="authToken" id="authToken1546274" value="-1002%2C3jIiHU%2F3lFc4jalpGDAhYOztAdQ%3D">
    
    
    <input type="hidden" name="errorViewName" value="PromotionDisplayView">
    <input type="hidden" name="SKU_ID" value="8205433">
    <input type="hidden" name="itemType" value="">
    <input type="hidden" name="parentSKU" value="">
    
    
       <input type="hidden" id="productCatentryId_1546275" value="1546274">
       <input type="hidden" id="catEntryId_1546274" value="1546275">
       <input type="hidden" name="ItemSKU_ID" value="8205433">
     
        
        <div class="quantity hidden" id="updateQtyPanelProduct_1546274" data-qty="">
            <ul>
                <li>
                    <a class="button decreaseQty " id="decreaseQty_1546274" href="#">-</a> 
                </li>
                <li>	
                    <label class="access" for="quantity_1546274">Quantity</label>						
                    <a href="#" class="button quantityPlp  " id="quantityUpdate_1546274">
                        </a>
                    <input name="quantity" id="quantity_1546274" type="hidden" size="3" value="" class="quantity">		        
                </li>
                <li>
                    
                    <a class="button increaseQty " id="increaseQty_1546274" href="#">+</a>
                </li>
            </ul>
        </div>				
            
        
            <input type="hidden" name="catEntryId" value="1546275">
        

        <input type="hidden" name="productId" value="1546274">
        

    <input type="hidden" name="URL" value="https://www.sainsburys.co.uk/webapp/wcs/stores/servlet/PromotionDisplayView?listId=2&amp;catalogId=10241&amp;productId=1117540&amp;langId=44&amp;storeId=10151&amp;promotionId=10669742">
    <input type="hidden" name="page" value="">
    <input type="hidden" name="contractId" value="">
    <input type="hidden" name="calculateOrder" value="1">
    <input type="hidden" name="calculationUsage" value="-1,-2,-3">
    <input type="hidden" name="updateable" value="1">
    <input type="hidden" name="merge" value="***">

                                  
            <input type="hidden" id="updateUrl_1546274" updateurlchild_1546275="AjaxOrderItemUpdate?calculateOrder=1&amp;itemType=&amp;ordItemUpdateFlag=0&amp;orderId=.&amp;updatePrices=1&amp;authToken=-1002%252C3jIiHU%252F3lFc4jalpGDAhYOztAdQ%253D&amp;calculationUsage=-1,-2,-3&amp;storeId=10151&amp;errorViewName=AjaxQuickCartDisplay&amp;URL=AjaxQuickCartDisplay&amp;catEntryId=1546275&amp;orderItemId_0=&amp;UOM_0=&amp;langId=44&amp;quantity_0=1">
            <input type="hidden" id="removeUrl_1546274" removeurlchild_1546275="AjaxOrderItemUpdate?calculateOrder=1&amp;itemType=&amp;productId=&amp;ordItemUpdateFlag=2&amp;orderId=.&amp;updatePrices=1&amp;authToken=-1002%252C3jIiHU%252F3lFc4jalpGDAhYOztAdQ%253D&amp;calculationUsage=-1,-2,-3&amp;storeId=10151&amp;errorViewName=AjaxQuickCartDisplay&amp;URL=AjaxQuickCartDisplay&amp;catEntryId=1546275&amp;productSKU=&amp;orderItemId_0=&amp;qtyDecremented=true&amp;langId=44&amp;quantity_0=0">           
         
       <input type="hidden" name="callAjax" value="false">
       
    
    <div class="add2Cart " id="addQtyPanelProduct_1546274">    
        
            <a class="button process addQty  " id="addQty_1546274" href="#">
                Add
            </a>

            <input type="hidden" name="Add" value="Add">
        
    </div>

</form>
<!-- END AddToTrolley.jsp -->
                                    </div>  
                                
                    </div><!-- END priceTabContainer Add container --><!-- Subscribe container --><!-- Start AddToSubscriptionList.jspf --><!-- Start AddToSubscriptionList.jsp --><!-- End AddToSubscriptionList.jsp --><!-- End AddToSubscriptionList.jspf --> 
                </div>  
            </div>  
        </div>
    </div>     
    </div> 
    <div id="additionalItems_1546275" class="additionalItems">
        <!-- BEGIN MerchandisingAssociationsDisplay.jsp --><!-- Start - JSP File Name:  MerchandisingAssociationsDisplay.jsp --><!-- END MerchandisingAssociationsDisplay.jsp -->  
    </div> 

<!-- END CatalogEntryThumbnailDisplay.jsp -->
                            </li>
                        
                            <li>
                                
                                                <div class="trolleySummary"><p class="saving">
                                                         <!-- %@ include file="../../include/PromotionStrapline.jspf"% -->
                                                </p></div>
                                            
                                                <div class="trolleySummary"><p class="saving">
                                                         <!-- %@ include file="../../include/PromotionStrapline.jspf"% -->
                                                </p></div>
                                            
                                                <div class="trolleySummary"><p class="saving">
                                                         <!-- %@ include file="../../include/PromotionStrapline.jspf"% -->
                                                </p></div>
                                            <!-- BEGIN CatalogEntryThumbnailDisplay.jsp -->
    <div class="product ">
        
        <div class="errorBanner hidden" id="error1527770"></div>
                        
        
        <div class="productInner">
            <div class="productInfoWrapper">
                <div class="productInfo">
                    
                            <h3>
                                <a href="https://www.sainsburys.co.uk/shop/gb/groceries/product/details/deliciously-ella-apple-raisin-oat-bar-50g">
                                    Deliciously Ella Apple &amp; Raisin Oat Bar 50g
                                    <img src="https://assets.sainsburys-groceries.co.uk/gol/8190640/image.jpg" alt="">
                                </a>
                            </h3>
                        
<div class="promotion">

                        <p>
                            <a strapline="Meal Deal for Â£5.00 | 8190640" href="https://www.sainsburys.co.uk/shop/PromotionDisplayView?listId=2&amp;catalogId=10241&amp;productId=1527770&amp;langId=44&amp;storeId=10151&amp;promotionId=10664136"><!-- BEGIN include/PromotionStrapline.jspf -->Meal Deal for Â£5.00<br>

<!-- FINISH include/PromotionStrapline.jspf -->
                            </a>
                        </p>
                    
                        <p>
                            <a strapline="Meal Deal for Â£3.75 | 8190640" href="https://www.sainsburys.co.uk/shop/PromotionDisplayView?listId=2&amp;catalogId=10241&amp;productId=1527770&amp;langId=44&amp;storeId=10151&amp;promotionId=10669742">PLUS <!-- BEGIN include/PromotionStrapline.jspf -->Meal Deal for Â£3.75<br>

<!-- FINISH include/PromotionStrapline.jspf -->
                            </a>
                        </p>
                                
</div>

                    <div class="ThumbnailRoundel">
                    <!--ThumbnailRoundel --> 
                    </div>
                    <div class="promoBages">
                        <!-- PROMOTION -->
                    </div>


                    <!-- Review --><!-- BEGIN CatalogEntryRatingsReviewsInfo.jspf --><!-- productAllowedRatingsAndReviews: true -->
<div class="reviews">

    <a class="numberOfReviews" href="https://www.sainsburys.co.uk/shop/gb/groceries/product/details/deliciously-ella-apple-raisin-oat-bar-50g">
        <img src="//www.sainsburys.co.uk/wcsstore7.137.2/SainsburysStorefrontAssetStore/img/stars/rating-5_0.gif" alt="5.0" border="0">&nbsp; 
        Reviews (2)
    </a>

</div>
<!-- END CatalogEntryRatingsReviewsInfo.jspf -->
                </div>
                <!--ThumbnailRestriction -->
            </div>
            
            <div class="addToTrolleytabBox">
            <!-- addToTrolleytabBox LIST VIEW--><!-- Start UserSubscribedOrNot.jspf --><!-- Start UserSubscribedOrNot.jsp --><!-- 
    If the user is not logged in, render this opening 
    DIV adding an addtional class to fix the border top which is removed 
    and replaced by the tabs
-->
<div class="addToTrolleytabContainer addItemBorderTop">
<!-- End AddToSubscriptionList.jsp --><!-- End AddSubscriptionList.jspf --><!-- 
                    ATTENTION!!!
                    <div class="addToTrolleytabContainer">
                    This opening div is inside "../../ReusableObjects/UserSubscribedOrNot.jsp"
                    -->
                <div class="pricingAndTrolleyOptions">  
                    <div class="priceTab activeContainer priceTabContainer" id="addItem_1527771"> 
                        <div class="pricing">
                            
<p class="pricePerUnit">
Â£1.10 
</p>

<p class="pricePerMeasure">Â£2.20<abbr title="per">/</abbr>100<abbr title="gram"><span class="pricePerMeasureMeasure">g</span></abbr>
</p>

                                
                        </div>  
                          
                                    <div class="addToTrolleyForm ">   
                                        <!-- BEGIN AddToTrolley.jsp --><!-- fire an on add to bag here from  -->

<form class="addToTrolleyForm" name="OrderItemAddForm_1527770" action="OrderItemAdd" method="post" id="OrderItemAddForm_1527770">
    <input type="hidden" name="storeId" value="10151">
    <input type="hidden" name="langId" value="44">
    <input type="hidden" name="catalogId" value="10241">
    <input type="hidden" name="authToken" id="authToken1527770" value="-1002%2C3jIiHU%2F3lFc4jalpGDAhYOztAdQ%3D">
    
    
    <input type="hidden" name="errorViewName" value="PromotionDisplayView">
    <input type="hidden" name="SKU_ID" value="8190640">
    <input type="hidden" name="itemType" value="">
    <input type="hidden" name="parentSKU" value="">
    
    
       <input type="hidden" id="productCatentryId_1527771" value="1527770">
       <input type="hidden" id="catEntryId_1527770" value="1527771">
       <input type="hidden" name="ItemSKU_ID" value="8190640">
     
        
        <div class="quantity hidden" id="updateQtyPanelProduct_1527770" data-qty="">
            <ul>
                <li>
                    <a class="button decreaseQty " id="decreaseQty_1527770" href="#">-</a> 
                </li>
                <li>	
                    <label class="access" for="quantity_1527770">Quantity</label>						
                    <a href="#" class="button quantityPlp  " id="quantityUpdate_1527770">
                        </a>
                    <input name="quantity" id="quantity_1527770" type="hidden" size="3" value="" class="quantity">		        
                </li>
                <li>
                    
                    <a class="button increaseQty " id="increaseQty_1527770" href="#">+</a>
                </li>
            </ul>
        </div>				
            
        
            <input type="hidden" name="catEntryId" value="1527771">
        

        <input type="hidden" name="productId" value="1527770">
        

    <input type="hidden" name="URL" value="https://www.sainsburys.co.uk/webapp/wcs/stores/servlet/PromotionDisplayView?listId=2&amp;catalogId=10241&amp;productId=1117540&amp;langId=44&amp;storeId=10151&amp;promotionId=10669742">
    <input type="hidden" name="page" value="">
    <input type="hidden" name="contractId" value="">
    <input type="hidden" name="calculateOrder" value="1">
    <input type="hidden" name="calculationUsage" value="-1,-2,-3">
    <input type="hidden" name="updateable" value="1">
    <input type="hidden" name="merge" value="***">

                                  
            <input type="hidden" id="updateUrl_1527770" updateurlchild_1527771="AjaxOrderItemUpdate?calculateOrder=1&amp;itemType=&amp;ordItemUpdateFlag=0&amp;orderId=.&amp;updatePrices=1&amp;authToken=-1002%252C3jIiHU%252F3lFc4jalpGDAhYOztAdQ%253D&amp;calculationUsage=-1,-2,-3&amp;storeId=10151&amp;errorViewName=AjaxQuickCartDisplay&amp;URL=AjaxQuickCartDisplay&amp;catEntryId=1527771&amp;orderItemId_0=&amp;UOM_0=&amp;langId=44&amp;quantity_0=1">
            <input type="hidden" id="removeUrl_1527770" removeurlchild_1527771="AjaxOrderItemUpdate?calculateOrder=1&amp;itemType=&amp;productId=&amp;ordItemUpdateFlag=2&amp;orderId=.&amp;updatePrices=1&amp;authToken=-1002%252C3jIiHU%252F3lFc4jalpGDAhYOztAdQ%253D&amp;calculationUsage=-1,-2,-3&amp;storeId=10151&amp;errorViewName=AjaxQuickCartDisplay&amp;URL=AjaxQuickCartDisplay&amp;catEntryId=1527771&amp;productSKU=&amp;orderItemId_0=&amp;qtyDecremented=true&amp;langId=44&amp;quantity_0=0">           
         
       <input type="hidden" name="callAjax" value="false">
       
    
    <div class="add2Cart " id="addQtyPanelProduct_1527770">    
        
            <a class="button process addQty  " id="addQty_1527770" href="#">
                Add
            </a>

            <input type="hidden" name="Add" value="Add">
        
    </div>

</form>
<!-- END AddToTrolley.jsp -->
                                    </div>  
                                
                    </div><!-- END priceTabContainer Add container --><!-- Subscribe container --><!-- Start AddToSubscriptionList.jspf --><!-- Start AddToSubscriptionList.jsp --><!-- End AddToSubscriptionList.jsp --><!-- End AddToSubscriptionList.jspf --> 
                </div>  
            </div>  
        </div>
    </div>     
    </div> 
    <div id="additionalItems_1527771" class="additionalItems">
        <!-- BEGIN MerchandisingAssociationsDisplay.jsp --><!-- Start - JSP File Name:  MerchandisingAssociationsDisplay.jsp --><!-- END MerchandisingAssociationsDisplay.jsp -->  
    </div> 

<!-- END CatalogEntryThumbnailDisplay.jsp -->
                            </li>
                        
                            <li>
                                
                                                <div class="trolleySummary"><p class="saving">
                                                         <!-- %@ include file="../../include/PromotionStrapline.jspf"% -->
                                                </p></div>
                                            
                                                <div class="trolleySummary"><p class="saving">
                                                         <!-- %@ include file="../../include/PromotionStrapline.jspf"% -->
                                                </p></div>
                                            
                                                <div class="trolleySummary"><p class="saving">
                                                         <!-- %@ include file="../../include/PromotionStrapline.jspf"% -->
                                                </p></div>
                                            <!-- BEGIN CatalogEntryThumbnailDisplay.jsp -->
    <div class="product ">
        
        <div class="errorBanner hidden" id="error1527768"></div>
                        
        
        <div class="productInner">
            <div class="productInfoWrapper">
                <div class="productInfo">
                    
                            <h3>
                                <a href="https://www.sainsburys.co.uk/shop/gb/groceries/product/details/deliciously-ella-peanut-butter-oat-bar-50g">
                                    Deliciously Ella Peanut Butter Oat Bar 50g
                                    <img src="https://assets.sainsburys-groceries.co.uk/gol/8190638/image.jpg" alt="">
                                </a>
                            </h3>
                        
<div class="promotion">

                        <p>
                            <a strapline="Meal Deal for Â£5.00 | 8190638" href="https://www.sainsburys.co.uk/shop/PromotionDisplayView?listId=2&amp;catalogId=10241&amp;productId=1527768&amp;langId=44&amp;storeId=10151&amp;promotionId=10664136"><!-- BEGIN include/PromotionStrapline.jspf -->Meal Deal for Â£5.00<br>

<!-- FINISH include/PromotionStrapline.jspf -->
                            </a>
                        </p>
                    
                        <p>
                            <a strapline="Meal Deal for Â£3.75 | 8190638" href="https://www.sainsburys.co.uk/shop/PromotionDisplayView?listId=2&amp;catalogId=10241&amp;productId=1527768&amp;langId=44&amp;storeId=10151&amp;promotionId=10669742">PLUS <!-- BEGIN include/PromotionStrapline.jspf -->Meal Deal for Â£3.75<br>

<!-- FINISH include/PromotionStrapline.jspf -->
                            </a>
                        </p>
                                
</div>

                    <div class="ThumbnailRoundel">
                    <!--ThumbnailRoundel --> 
                    </div>
                    <div class="promoBages">
                        <!-- PROMOTION -->
                    </div>


                    <!-- Review --><!-- BEGIN CatalogEntryRatingsReviewsInfo.jspf --><!-- productAllowedRatingsAndReviews: true -->
<div class="reviews">

    <a class="numberOfReviews" href="https://www.sainsburys.co.uk/shop/gb/groceries/product/details/deliciously-ella-peanut-butter-oat-bar-50g">
        <img src="//www.sainsburys.co.uk/wcsstore7.137.2/SainsburysStorefrontAssetStore/img/stars/rating-5_0.gif" alt="5.0" border="0">&nbsp; 
        Reviews (2)
    </a>

</div>
<!-- END CatalogEntryRatingsReviewsInfo.jspf -->
                </div>
                <!--ThumbnailRestriction -->
            </div>
            
            <div class="addToTrolleytabBox">
            <!-- addToTrolleytabBox LIST VIEW--><!-- Start UserSubscribedOrNot.jspf --><!-- Start UserSubscribedOrNot.jsp --><!-- 
    If the user is not logged in, render this opening 
    DIV adding an addtional class to fix the border top which is removed 
    and replaced by the tabs
-->
<div class="addToTrolleytabContainer addItemBorderTop">
<!-- End AddToSubscriptionList.jsp --><!-- End AddSubscriptionList.jspf --><!-- 
                    ATTENTION!!!
                    <div class="addToTrolleytabContainer">
                    This opening div is inside "../../ReusableObjects/UserSubscribedOrNot.jsp"
                    -->
                <div class="pricingAndTrolleyOptions">  
                    <div class="priceTab activeContainer priceTabContainer" id="addItem_1527769"> 
                        <div class="pricing">
                            
<p class="pricePerUnit">
Â£1.10 
</p>

<p class="pricePerMeasure">Â£2.20<abbr title="per">/</abbr>100<abbr title="gram"><span class="pricePerMeasureMeasure">g</span></abbr>
</p>

                                
                        </div>  
                          
                                    <div class="addToTrolleyForm ">   
                                        <!-- BEGIN AddToTrolley.jsp --><!-- fire an on add to bag here from  -->

<form class="addToTrolleyForm" name="OrderItemAddForm_1527768" action="OrderItemAdd" method="post" id="OrderItemAddForm_1527768">
    <input type="hidden" name="storeId" value="10151">
    <input type="hidden" name="langId" value="44">
    <input type="hidden" name="catalogId" value="10241">
    <input type="hidden" name="authToken" id="authToken1527768" value="-1002%2C3jIiHU%2F3lFc4jalpGDAhYOztAdQ%3D">
    
    
    <input type="hidden" name="errorViewName" value="PromotionDisplayView">
    <input type="hidden" name="SKU_ID" value="8190638">
    <input type="hidden" name="itemType" value="">
    <input type="hidden" name="parentSKU" value="">
    
    
       <input type="hidden" id="productCatentryId_1527769" value="1527768">
       <input type="hidden" id="catEntryId_1527768" value="1527769">
       <input type="hidden" name="ItemSKU_ID" value="8190638">
     
        
        <div class="quantity hidden" id="updateQtyPanelProduct_1527768" data-qty="">
            <ul>
                <li>
                    <a class="button decreaseQty " id="decreaseQty_1527768" href="#">-</a> 
                </li>
                <li>	
                    <label class="access" for="quantity_1527768">Quantity</label>						
                    <a href="#" class="button quantityPlp  " id="quantityUpdate_1527768">
                        </a>
                    <input name="quantity" id="quantity_1527768" type="hidden" size="3" value="" class="quantity">		        
                </li>
                <li>
                    
                    <a class="button increaseQty " id="increaseQty_1527768" href="#">+</a>
                </li>
            </ul>
        </div>				
            
        
            <input type="hidden" name="catEntryId" value="1527769">
        

        <input type="hidden" name="productId" value="1527768">
        

    <input type="hidden" name="URL" value="https://www.sainsburys.co.uk/webapp/wcs/stores/servlet/PromotionDisplayView?listId=2&amp;catalogId=10241&amp;productId=1117540&amp;langId=44&amp;storeId=10151&amp;promotionId=10669742">
    <input type="hidden" name="page" value="">
    <input type="hidden" name="contractId" value="">
    <input type="hidden" name="calculateOrder" value="1">
    <input type="hidden" name="calculationUsage" value="-1,-2,-3">
    <input type="hidden" name="updateable" value="1">
    <input type="hidden" name="merge" value="***">

                                  
            <input type="hidden" id="updateUrl_1527768" updateurlchild_1527769="AjaxOrderItemUpdate?calculateOrder=1&amp;itemType=&amp;ordItemUpdateFlag=0&amp;orderId=.&amp;updatePrices=1&amp;authToken=-1002%252C3jIiHU%252F3lFc4jalpGDAhYOztAdQ%253D&amp;calculationUsage=-1,-2,-3&amp;storeId=10151&amp;errorViewName=AjaxQuickCartDisplay&amp;URL=AjaxQuickCartDisplay&amp;catEntryId=1527769&amp;orderItemId_0=&amp;UOM_0=&amp;langId=44&amp;quantity_0=1">
            <input type="hidden" id="removeUrl_1527768" removeurlchild_1527769="AjaxOrderItemUpdate?calculateOrder=1&amp;itemType=&amp;productId=&amp;ordItemUpdateFlag=2&amp;orderId=.&amp;updatePrices=1&amp;authToken=-1002%252C3jIiHU%252F3lFc4jalpGDAhYOztAdQ%253D&amp;calculationUsage=-1,-2,-3&amp;storeId=10151&amp;errorViewName=AjaxQuickCartDisplay&amp;URL=AjaxQuickCartDisplay&amp;catEntryId=1527769&amp;productSKU=&amp;orderItemId_0=&amp;qtyDecremented=true&amp;langId=44&amp;quantity_0=0">           
         
       <input type="hidden" name="callAjax" value="false">
       
    
    <div class="add2Cart " id="addQtyPanelProduct_1527768">    
        
            <a class="button process addQty  " id="addQty_1527768" href="#">
                Add
            </a>

            <input type="hidden" name="Add" value="Add">
        
    </div>

</form>
<!-- END AddToTrolley.jsp -->
                                    </div>  
                                
                    </div><!-- END priceTabContainer Add container --><!-- Subscribe container --><!-- Start AddToSubscriptionList.jspf --><!-- Start AddToSubscriptionList.jsp --><!-- End AddToSubscriptionList.jsp --><!-- End AddToSubscriptionList.jspf --> 
                </div>  
            </div>  
        </div>
    </div>     
    </div> 
    <div id="additionalItems_1527769" class="additionalItems">
        <!-- BEGIN MerchandisingAssociationsDisplay.jsp --><!-- Start - JSP File Name:  MerchandisingAssociationsDisplay.jsp --><!-- END MerchandisingAssociationsDisplay.jsp -->  
    </div> 

<!-- END CatalogEntryThumbnailDisplay.jsp -->
                            </li>
                        
                            <li>
                                
                                                <div class="trolleySummary"><p class="saving">
                                                         <!-- %@ include file="../../include/PromotionStrapline.jspf"% -->
                                                </p></div>
                                            
                                                <div class="trolleySummary"><p class="saving">
                                                         <!-- %@ include file="../../include/PromotionStrapline.jspf"% -->
                                                </p></div>
                                            
                                                <div class="trolleySummary"><p class="saving">
                                                         <!-- %@ include file="../../include/PromotionStrapline.jspf"% -->
                                                </p></div>
                                            <!-- BEGIN CatalogEntryThumbnailDisplay.jsp -->
    <div class="product ">
        
        <div class="errorBanner hidden" id="error1524288"></div>
                        
        
        <div class="productInner">
            <div class="productInfoWrapper">
                <div class="productInfo">
                    
                            <h3>
                                <a href="https://www.sainsburys.co.uk/shop/gb/groceries/product/details/nakd-apple-cinnamon-fruit-fibre-bar-44g">
                                    Nakd Apple &amp; Cinnamon Fruit &amp; Fibre Bar 44g
                                    <img src="https://assets.sainsburys-groceries.co.uk/gol/8188770/image.jpg" alt="">
                                </a>
                            </h3>
                        
<div class="promotion">

                        <p>
                            <a strapline="Meal Deal for Â£5.00 | 8188770" href="https://www.sainsburys.co.uk/shop/PromotionDisplayView?listId=2&amp;catalogId=10241&amp;productId=1524288&amp;langId=44&amp;storeId=10151&amp;promotionId=10664136"><!-- BEGIN include/PromotionStrapline.jspf -->Meal Deal for Â£5.00<br>

<!-- FINISH include/PromotionStrapline.jspf -->
                            </a>
                        </p>
                    
                        <p>
                            <a strapline="Meal Deal for Â£3.75 | 8188770" href="https://www.sainsburys.co.uk/shop/PromotionDisplayView?listId=2&amp;catalogId=10241&amp;productId=1524288&amp;langId=44&amp;storeId=10151&amp;promotionId=10669742">PLUS <!-- BEGIN include/PromotionStrapline.jspf -->Meal Deal for Â£3.75<br>

<!-- FINISH include/PromotionStrapline.jspf -->
                            </a>
                        </p>
                                
</div>

                    <div class="ThumbnailRoundel">
                    <!--ThumbnailRoundel --> 
                    </div>
                    <div class="promoBages">
                        <!-- PROMOTION -->
                    </div>


                    <!-- Review --><!-- BEGIN CatalogEntryRatingsReviewsInfo.jspf --><!-- productAllowedRatingsAndReviews: true -->
<div class="reviews">

    <a class="numberOfReviews" href="https://www.sainsburys.co.uk/shop/gb/groceries/product/details/nakd-apple-cinnamon-fruit-fibre-bar-44g">
        <img src="//www.sainsburys.co.uk/wcsstore7.137.2/SainsburysStorefrontAssetStore/img/stars/rating-3_9.gif" alt="3.9362" border="0">&nbsp; 
        Reviews (47)
    </a>

</div>
<!-- END CatalogEntryRatingsReviewsInfo.jspf -->
                </div>
                <!--ThumbnailRestriction -->
            </div>
            
            <div class="addToTrolleytabBox">
            <!-- addToTrolleytabBox LIST VIEW--><!-- Start UserSubscribedOrNot.jspf --><!-- Start UserSubscribedOrNot.jsp --><!-- 
    If the user is not logged in, render this opening 
    DIV adding an addtional class to fix the border top which is removed 
    and replaced by the tabs
-->
<div class="addToTrolleytabContainer addItemBorderTop">
<!-- End AddToSubscriptionList.jsp --><!-- End AddSubscriptionList.jspf --><!-- 
                    ATTENTION!!!
                    <div class="addToTrolleytabContainer">
                    This opening div is inside "../../ReusableObjects/UserSubscribedOrNot.jsp"
                    -->
                <div class="pricingAndTrolleyOptions">  
                    <div class="priceTab activeContainer priceTabContainer" id="addItem_1524289"> 
                        <div class="pricing">
                            
<p class="pricePerUnit">
Â£1.45 
</p>

<p class="pricePerMeasure">Â£3.30<abbr title="per">/</abbr>100<abbr title="gram"><span class="pricePerMeasureMeasure">g</span></abbr>
</p>

                                
                        </div>  
                          
                                    <div class="addToTrolleyForm ">   
                                        <!-- BEGIN AddToTrolley.jsp --><!-- fire an on add to bag here from  -->

<form class="addToTrolleyForm" name="OrderItemAddForm_1524288" action="OrderItemAdd" method="post" id="OrderItemAddForm_1524288">
    <input type="hidden" name="storeId" value="10151">
    <input type="hidden" name="langId" value="44">
    <input type="hidden" name="catalogId" value="10241">
    <input type="hidden" name="authToken" id="authToken1524288" value="-1002%2C3jIiHU%2F3lFc4jalpGDAhYOztAdQ%3D">
    
    
    <input type="hidden" name="errorViewName" value="PromotionDisplayView">
    <input type="hidden" name="SKU_ID" value="8188770">
    <input type="hidden" name="itemType" value="">
    <input type="hidden" name="parentSKU" value="">
    
    
       <input type="hidden" id="productCatentryId_1524289" value="1524288">
       <input type="hidden" id="catEntryId_1524288" value="1524289">
       <input type="hidden" name="ItemSKU_ID" value="8188770">
     
        
        <div class="quantity hidden" id="updateQtyPanelProduct_1524288" data-qty="">
            <ul>
                <li>
                    <a class="button decreaseQty " id="decreaseQty_1524288" href="#">-</a> 
                </li>
                <li>	
                    <label class="access" for="quantity_1524288">Quantity</label>						
                    <a href="#" class="button quantityPlp  " id="quantityUpdate_1524288">
                        </a>
                    <input name="quantity" id="quantity_1524288" type="hidden" size="3" value="" class="quantity">		        
                </li>
                <li>
                    
                    <a class="button increaseQty " id="increaseQty_1524288" href="#">+</a>
                </li>
            </ul>
        </div>				
            
        
            <input type="hidden" name="catEntryId" value="1524289">
        

        <input type="hidden" name="productId" value="1524288">
        

    <input type="hidden" name="URL" value="https://www.sainsburys.co.uk/webapp/wcs/stores/servlet/PromotionDisplayView?listId=2&amp;catalogId=10241&amp;productId=1117540&amp;langId=44&amp;storeId=10151&amp;promotionId=10669742">
    <input type="hidden" name="page" value="">
    <input type="hidden" name="contractId" value="">
    <input type="hidden" name="calculateOrder" value="1">
    <input type="hidden" name="calculationUsage" value="-1,-2,-3">
    <input type="hidden" name="updateable" value="1">
    <input type="hidden" name="merge" value="***">

                                  
            <input type="hidden" id="updateUrl_1524288" updateurlchild_1524289="AjaxOrderItemUpdate?calculateOrder=1&amp;itemType=&amp;ordItemUpdateFlag=0&amp;orderId=.&amp;updatePrices=1&amp;authToken=-1002%252C3jIiHU%252F3lFc4jalpGDAhYOztAdQ%253D&amp;calculationUsage=-1,-2,-3&amp;storeId=10151&amp;errorViewName=AjaxQuickCartDisplay&amp;URL=AjaxQuickCartDisplay&amp;catEntryId=1524289&amp;orderItemId_0=&amp;UOM_0=&amp;langId=44&amp;quantity_0=1">
            <input type="hidden" id="removeUrl_1524288" removeurlchild_1524289="AjaxOrderItemUpdate?calculateOrder=1&amp;itemType=&amp;productId=&amp;ordItemUpdateFlag=2&amp;orderId=.&amp;updatePrices=1&amp;authToken=-1002%252C3jIiHU%252F3lFc4jalpGDAhYOztAdQ%253D&amp;calculationUsage=-1,-2,-3&amp;storeId=10151&amp;errorViewName=AjaxQuickCartDisplay&amp;URL=AjaxQuickCartDisplay&amp;catEntryId=1524289&amp;productSKU=&amp;orderItemId_0=&amp;qtyDecremented=true&amp;langId=44&amp;quantity_0=0">           
         
       <input type="hidden" name="callAjax" value="false">
       
    
    <div class="add2Cart " id="addQtyPanelProduct_1524288">    
        
            <a class="button process addQty  " id="addQty_1524288" href="#">
                Add
            </a>

            <input type="hidden" name="Add" value="Add">
        
    </div>

</form>
<!-- END AddToTrolley.jsp -->
                                    </div>  
                                
                    </div><!-- END priceTabContainer Add container --><!-- Subscribe container --><!-- Start AddToSubscriptionList.jspf --><!-- Start AddToSubscriptionList.jsp --><!-- End AddToSubscriptionList.jsp --><!-- End AddToSubscriptionList.jspf --> 
                </div>  
            </div>  
        </div>
    </div>     
    </div> 
    <div id="additionalItems_1524289" class="additionalItems">
        <!-- BEGIN MerchandisingAssociationsDisplay.jsp --><!-- Start - JSP File Name:  MerchandisingAssociationsDisplay.jsp --><!-- END MerchandisingAssociationsDisplay.jsp -->  
    </div> 

<!-- END CatalogEntryThumbnailDisplay.jsp -->
                            </li>
                        
            </ul>                    
            

<h2 class="access">Product pagination</h2>
<div class="pagination paginationBottom">


<ul class="pages">
    <li class="previous">
        
        <span class="access">Go to previous page</span>
        
    </li>

<li class="current"><span class="access">Current page </span><span>1</span></li>

    <li class="next">

<span class="access">Go to next page</span>

    </li>
</ul>

</div>
            
        </div>    
        <!-- Content End --><!-- Main Content End -->
    </div>
    <!-- auxiliary Start -->
    <div class="aside" id="auxiliary">
        <!-- BEGIN RightHandSide.jspf  --><!-- END RightHandSide.jspf -->
    </div>
    <!-- auxiliary End -->
</div>
<!-- Footer Start Start --><!-- BEGIN LayoutContainerBottom.jspf --><!-- BEGIN FooterDisplay.jspf --><!-- New Relic browser enablement changes Footer-->



<div id="globalFooter" class="footer " style="position: absolute;">

<ul class="footerLinkList">
<li>
   
   <a href="https://help.sainsburys.co.uk/help/website/our-commitment">Accessibility</a>
</li>
<li>
   
   <a href="https://privacy-hub.sainsburys.co.uk/cookie-policy">Cookie policy</a>
</li>
<li>
   
   <a href="https://privacy-hub.sainsburys.co.uk/privacy-policy">Privacy policy</a>
</li>


    <li>
        <a class="optanon-toggle-display" href="#">Manage cookies</a>
    </li>
    
<li>
   
   <a href="https://help.sainsburys.co.uk/help/how_to_contact_us">Contact us</a>
</li>
<li>
   
   <a href="https://help.sainsburys.co.uk/help/">Help centre</a>
</li>
<li>
   
   <a href="https://help.sainsburys.co.uk/help/website/terms-conditions-acceptance">Terms &amp; conditions</a>
</li>
</ul>

</div>

<!-- END FooterDisplay.jspf --><!-- END LayoutContainerBottom.jspf --><!-- Footer Start End -->
</div>


<script type="text/javascript">
(function(){

function setPageViewData(dataPageName, dataSiteSection, digitalDataObject){
digitalDataObject.data_page_name = 'web:groceries:' + dataPageName;
digitalDataObject.data_siteSection = dataSiteSection;
}



var dataPageName;
var dataSiteSection; 
digitalData.page = {pageInfo:{},events:[]}; 

var bodyId = document.body.id;

var pageName = '' ? document.body.id+':':document.body.id;

if  (bodyId == 'promoPage') {
    pageName = 'Meal Deal for Â£3.75:10669742';
}

digitalData.page.pageInfo.pageName =pageName;

if (pageName == 'homePage') {
    dataPageName = dataSiteSection = 'homepage';
    setPageViewData(dataPageName, dataSiteSection, digitalData);
} else if (pageName == 'postcodeCheckSuccess') {
    dataPageName = 'slot booking:select fulfilment method';
    dataSiteSection = 'slot booking';
    setPageViewData(dataPageName, dataSiteSection, digitalData);
} else if (pageName == 'addAddress') {
    dataPageName = 'my account:addresses:add address';
    dataSiteSection = 'my account';
    setPageViewData(dataPageName, dataSiteSection, digitalData);
} else if (pageName == 'editAddress') {
    dataPageName = 'my account:addresses:edit address';
    dataSiteSection = 'my account';
    setPageViewData(dataPageName, dataSiteSection, digitalData);
} else if (bodyId == 'promoPage') {
    dataPageName = pageName; 
    dataSiteSection = 'promotion';
    setPageViewData(dataPageName, dataSiteSection, digitalData);
}

  
digitalData.page.pageInfo.newPageTemplate = document.body.getAttribute('data-title');
var breadCrumb = document.querySelectorAll('#breadcrumbNavList > li > a,#breadcrumbNavList > li > strong,#breadcrumbNavList > li > span > strong');
var element = [];
var level;
for (var i=0,il=breadCrumb.length; i<il; i++) {
    element.push(breadCrumb[i].textContent.trim());
    if (i == 0) {
        level = 'Zone';
    } else if (i == 1) {
        level = 'Department';
    } else if (i == 2) {
        level = 'Aisle';
    } else if(i == 3) {
        level = 'Shelf';
    }
}
var bElement = element ? element.join('::'):'';


        if (bElement.length > 0 && bElement.trim()) { 
            digitalData.page.pageInfo.breadCrumbs = 'Groceries::' + bElement;

            dataPageName = 'browse:' + (bElement.replaceAll("::",":")).toLowerCase();
            dataSiteSection = 'browse';
            setPageViewData(dataPageName, dataSiteSection, digitalData);
        }


digitalData.page.pageInfo.lang = 'en-gb';
digitalData.page.pageInfo.rendering = 'web';
digitalData.page.pageInfo.userTimestamp = '2025-01-25 21:05:36.801';

var messagesDD;


digitalData.user = {
    profile : {
        profileInfo : {
            websphereId : '',
            deliveryPostcode: '',
            deliveryStoreId: '',
            deliverySlot: '',
            deliveryDay: '',
            deliveryTime: '',
            deliveryDate: '',
            deliveryMonth: '',
            deliveryYear: '',
            deliveryCost: '',
            deliveryOption: '',
            deliveryType: '',
            shoppingmode: '',
            isSameDay: '',
            blueMartini:'',
            customerNumber:'',
            recurringSlotEligible: '',
            recurringSlotEnrolled: '',
               recurringSlotDay: '',
               recurringSlotTime: '',
               recurringSlotDuration: '' 						                
        }
    } 
};

        digitalData.data_shoppingMode = 'primary';
     

})();

/** -- START: Tealium Universal Tag -- **/
(function(a,b,c,d){ a='//tags.tiqcdn.com/utag/sainsburys/groceries/prod/utag.js'; b=document;c='script';d=b.createElement(c);d.src=a; d.type='text/java'+c;d.async=true; a=b.getElementsByTagName(c)[0];a.parentNode.insertBefore(d,a) })();
/** -- END: Tealium Universal Tag -- **/

</script>


<script type="text/javascript">
    digitalData.user.basket = {'items':[],  'currency': 'GBP', 
            'totalCartQuantity' : '0',
            'grandTotal': '0.00', 
            'subTotal': '0.00',
            'carrierBag' : '0.00',
            'trolleySavings' : '0.00',
            'voucherSavings' : '0.00',
            'shippingCharge' : '0.00'};
</script>
<!-- Peerius Analytics start --><!-- Peerius Analytics End -->
<script type="text/javascript" src="/dvLEYJ/E9uP/p3/E2Vj/WR5jamJRviw/muY5L68hh8bG/BGEpQGNdAg/YUYbYHp/SDik"></script>
<script src="https://cdn-ukwest.onetrust.com/scripttemplates/otSDKStub.js" charset="UTF-8" data-domain-script="53f3532a-319c-45d4-b6eb-3922b10c275d"></script><div id="ttdUniversalPixelTags2hclx6" style="display: none;"></div><script type="text/javascript" id="_cls_detector" src="https://cdn.gbqofs.com/sainsburys/gol/p/detector-dom.min.js" data-clsconfig="reportURI=https://report.sainsburys.gbqofs.io/reporting/9e2d32e9-709d-e97d-0c04-748961f50451/cls_report"></script><script src="https://feedback.sainsburys.co.uk/feedback-components/sainsburys/popup/popup-bundle.js" type="module"></script><script src="https://feedback.sainsburys.co.uk/feedback-components/sainsburys/feedback/feedback-bundle.js" type="module"></script><iframe height="0" width="0" src="https://9427595.fls.doubleclick.net/activityi;src=9427595;type=saigo;cat=cat_golp;ord=6971953011412;npa=0;auiddc=1334987949.1737834833;gdid=dYmQxMT;ps=1;pcor=2110587955;pscdl=noapi;frm=0;user_data_mode=c;gtm=45fe51n0v9181639823za200;gcs=G111;gcd=13v3v3v3v5l1;dma=0;tag_exp=102067555~102067808~102081485~102123608;epver=2;em=tv.1;~oref=https%3A%2F%2Fwww.sainsburys.co.uk%2Fshop%2FPromotionDisplayView%3FlistId%3D2%26catalogId%3D10241%26productId%3D1117540%26langId%3D44%26storeId%3D10151%26promotionId%3D10669742?" style="display: none; visibility: hidden;"></iframe><iframe allow="join-ad-interest-group" data-tagging-id="DC-9427595/saigo/cat_golp+standard" data-load-time="1737839137874" height="0" width="0" src="https://td.doubleclick.net/td/fls/rul/activityi;fledge=1;src=9427595;type=saigo;cat=cat_golp;ord=6971953011412;npa=0;auiddc=1334987949.1737834833;gdid=dYmQxMT;ps=1;pcor=2110587955;pscdl=noapi;frm=0;user_data_mode=c;gtm=45fe51n0v9181639823za200;gcs=G111;gcd=13v3v3v3v5l1;dma=0;tag_exp=102067555~102067808~102081485~102123608;epver=2;em=tv.1;~oref=https%3A%2F%2Fwww.sainsburys.co.uk%2Fshop%2FPromotionDisplayView%3FlistId%3D2%26catalogId%3D10241%26productId%3D1117540%26langId%3D44%26storeId%3D10151%26promotionId%3D10669742?" style="display: none; visibility: hidden;"></iframe><script src="https://match.adsrvr.org/track/cmf/generic?ttd_pid=scqo2ty&amp;ttd_tpi=1&amp;domain=www.sainsburys.co.uk" type="module" crossorigin="use-credentials"></script><div id="csat-components"> <div id="csat-feedback"><a href="https://feedback.sainsburys.co.uk/survey/SV_0eXofGHBALFYUwC?referrer=www.sainsburys.co.uk&amp;_cls_s=5f0b5f1d-8d83-4193-aa62-24bb3164e593:0" target="_blank" rel="noreferrer" role="button" class="feedback svelte-1hfrwdn bottom right pill" style="--brand-feedback-offset: 72px; --brand-padding: var(--brand-padding-default);"><svg class="csat-feedback-icon svelte-1hfrwdn" viewBox="0 0 24 24" xmlns="http://www.w3.org/2000/svg" aria-describedby="feedback-title"><title class="feedback-title">Feedback</title><path fill="#fff" d="M12 16h5.68A1.32 1.32 0 0 0 19 14.68V7.32A1.32 1.32 0 0 0 17.68 6H6.32A1.32 1.32 0 0 0 5 7.32v7.36c0 .729.591 1.32 1.32 1.32H8l2 2.667L12 16zm5.68-12A3.32 3.32 0 0 1 21 7.32v7.36A3.32 3.32 0 0 1 17.68 18H13l-3 4-3-4h-.68A3.32 3.32 0 0 1 3 14.68V7.32A3.32 3.32 0 0 1 6.32 4h11.36zM8 12a1 1 0 1 0 0-2 1 1 0 0 0 0 2zm4 0a1 1 0 1 0 0-2 1 1 0 0 0 0 2zm4 0a1 1 0 1 0 0-2 1 1 0 0 0 0 2z"></path></svg> <span class="hidden-mobile svelte-1hfrwdn">Feedback</span></a></div> </div><img src="https://t.co/i/adsct?bci=3&amp;dv=Europe%2FLondon%26en-GB%2Cen-US%2Cen%26Google%20Inc.%26Win32%26255%262560%261440%2612%2624%262560%261400%260%26na&amp;eci=2&amp;event_id=02423b83-2381-4e56-9298-0b68654e1f7d&amp;events=%5B%5B%22pageview%22%2C%7B%22currency%22%3A%22GBP%22%7D%5D%5D&amp;integration=advertiser&amp;p_id=Twitter&amp;p_user_id=0&amp;pl_id=1ce37ca8-b065-4def-b159-a2c1c6e7c6ba&amp;tw_document_href=https%3A%2F%2Fwww.sainsburys.co.uk%2Fshop%2FPromotionDisplayView%3FlistId%3D2%26catalogId%3D10241%26productId%3D1117540%26langId%3D44%26storeId%3D10151%26promotionId%3D10669742&amp;tw_iframe_status=0&amp;tw_order_quantity=0&amp;tw_sale_amount=0&amp;txn_id=o47pq&amp;type=javascript&amp;version=2.3.31" height="1" width="1" style="display: none;"><img src="https://analytics.twitter.com/i/adsct?bci=3&amp;dv=Europe%2FLondon%26en-GB%2Cen-US%2Cen%26Google%20Inc.%26Win32%26255%262560%261440%2612%2624%262560%261400%260%26na&amp;eci=2&amp;event_id=02423b83-2381-4e56-9298-0b68654e1f7d&amp;events=%5B%5B%22pageview%22%2C%7B%22currency%22%3A%22GBP%22%7D%5D%5D&amp;integration=advertiser&amp;p_id=Twitter&amp;p_user_id=0&amp;pl_id=1ce37ca8-b065-4def-b159-a2c1c6e7c6ba&amp;tw_document_href=https%3A%2F%2Fwww.sainsburys.co.uk%2Fshop%2FPromotionDisplayView%3FlistId%3D2%26catalogId%3D10241%26productId%3D1117540%26langId%3D44%26storeId%3D10151%26promotionId%3D10669742&amp;tw_iframe_status=0&amp;tw_order_quantity=0&amp;tw_sale_amount=0&amp;txn_id=o47pq&amp;type=javascript&amp;version=2.3.31" height="1" width="1" style="display: none;"><iframe id="snap6332444" src="https://tr.snapchat.com/cm/i?pid=32146832-21c1-40c1-960f-1c34737365c3&amp;u_scsid=cff082a4-3f6a-418e-9c94-f7afae9df4f5&amp;u_sclid=bcc3bf31-6c5c-42da-9e2c-39b794cdfc5f" style="display: none !important; height: 1px !important; overflow: hidden !important; position: absolute !important; width: 1px !important;"></iframe><div id="onetrust-consent-sdk" data-nosnippet="true"><div class="onetrust-pc-dark-filter ot-hide ot-fade-in"></div><div id="onetrust-pc-sdk" class="otPcCenter ot-hide ot-fade-in" lang="en" aria-label="Preference center" role="region"><div role="dialog" aria-modal="true" style="height: 100%;" aria-label="Cookie and Digital Advertising Preference Centre"><!-- Close Button --><div class="ot-pc-header"><!-- Logo Tag --><div class="ot-pc-logo" role="img" aria-label="Company Logo"><img alt="Company Logo" src="https://cdn-ukwest.onetrust.com/logos/e1fd2f29-c8cd-4679-82e1-451d39f5ae8a/53f3532a-319c-45d4-b6eb-3922b10c275d/sainsburys.png"></div></div><!-- Close Button --><div id="ot-pc-content" class="ot-pc-scrollbar"><div class="ot-optout-signal ot-hide"><div class="ot-optout-icon"><svg xmlns="http://www.w3.org/2000/svg"><path class="ot-floating-button__svg-fill" d="M14.588 0l.445.328c1.807 1.303 3.961 2.533 6.461 3.688 2.015.93 4.576 1.746 7.682 2.446 0 14.178-4.73 24.133-14.19 29.864l-.398.236C4.863 30.87 0 20.837 0 6.462c3.107-.7 5.668-1.516 7.682-2.446 2.709-1.251 5.01-2.59 6.906-4.016zm5.87 13.88a.75.75 0 00-.974.159l-5.475 6.625-3.005-2.997-.077-.067a.75.75 0 00-.983 1.13l4.172 4.16 6.525-7.895.06-.083a.75.75 0 00-.16-.973z" fill="#FFF" fill-rule="evenodd"></path></svg></div><span></span></div><h2 id="ot-pc-title">Cookie and Digital Advertising Preference Centre</h2><div id="ot-pc-desc">Using the menus below, you can learn more about what each cookie category does and configure your cookie and digital advertising preferences (toggle right to opt-in or left to opt-out). 

    <br><a href="https://privacy-hub.sainsburys.co.uk/cookie-policy/" class="privacy-notice-link" rel="noopener" target="_blank" aria-label=" Cookie and Digital Advertising Policy, opens in a new tab"> Cookie and Digital Advertising Policy</a></div><button id="accept-recommended-btn-handler">Allow All</button><section class="ot-sdk-row ot-cat-grp"><h3 id="ot-category-title"> Manage Cookie Preferences</h3><div class="ot-cat-item ot-always-active-group ot-vs-config" data-optanongroupid="1"><!-- Group name --><h4 class="ot-cat-header" id="ot-header-id-1">Strictly Necessary</h4><div id="ot-status-id-1" class="ot-always-active">Always Active</div><!-- Group description --><p class="ot-category-desc" id="ot-desc-id-1">These technologies are needed to enable our websites and apps to run and to keep it secure. </p><div class="ot-hlst-cntr"><button class="ot-link-btn category-host-list-handler" aria-label="Cookie Details button opens Cookie List menu" data-parent-id="1">Cookies Detailsâ</button></div></div><div class="ot-cat-item ot-vs-config" data-optanongroupid="2"><!-- Group name --><h4 class="ot-cat-header" id="ot-header-id-2">Performance / Analytics</h4><div class="ot-tgl"><input type="checkbox" name="ot-group-id-2" id="ot-group-id-2" role="switch" class="category-switch-handler" data-optanongroupid="2" checked="" aria-labelledby="ot-header-id-2"> <label class="ot-switch" for="ot-group-id-2"><span class="ot-switch-nob"></span> <span class="ot-label-txt">Performance / Analytics</span></label> </div><!-- Group description --><p class="ot-category-desc" id="ot-desc-id-2">These technologies and uses of personal data tell us how customers use our sites and apps, and provide information to help us improve the website, apps and your browsing experience.</p><div class="ot-hlst-cntr"><button class="ot-link-btn category-host-list-handler" aria-label="Cookie Details button opens Cookie List menu" data-parent-id="2">Cookies Detailsâ</button></div></div><div class="ot-cat-item ot-vs-config" data-optanongroupid="3"><!-- Group name --><h4 class="ot-cat-header" id="ot-header-id-3">Functional</h4><div class="ot-tgl"><input type="checkbox" name="ot-group-id-3" id="ot-group-id-3" role="switch" class="category-switch-handler" data-optanongroupid="3" checked="" aria-labelledby="ot-header-id-3"> <label class="ot-switch" for="ot-group-id-3"><span class="ot-switch-nob"></span> <span class="ot-label-txt">Functional</span></label> </div><!-- Group description --><p class="ot-category-desc" id="ot-desc-id-3">These technologies and uses of personal data allow us to provide enhanced functionality and personalise content for you. For example they're used to recognise you when you return to our website or app. If you do not allow these technologies then some or all of these services may not function properly.</p><div class="ot-hlst-cntr"><button class="ot-link-btn category-host-list-handler" aria-label="Cookie Details button opens Cookie List menu" data-parent-id="3">Cookies Detailsâ</button></div></div><div class="ot-cat-item ot-vs-config" data-optanongroupid="4"><!-- Group name --><h4 class="ot-cat-header" id="ot-header-id-4">Marketing</h4><div class="ot-tgl"><input type="checkbox" name="ot-group-id-4" id="ot-group-id-4" role="switch" class="category-switch-handler" data-optanongroupid="4" checked="" aria-labelledby="ot-header-id-4"> <label class="ot-switch" for="ot-group-id-4"><span class="ot-switch-nob"></span> <span class="ot-label-txt">Marketing</span></label> </div><!-- Group description --><p class="ot-category-desc" id="ot-desc-id-4">These technologies and uses of personal data help us decide which products, services and offers may be relevant for you. We use this data to customise the marketing content you see on websites, apps and social media. They also help us and carefully-considered third parties understand the performance of our marketing activities and improve the relevance of the adverts that you see. These uses of personal data and technologies are used by us or our carefully-considered third parties, and may involve the use and sharing of personal data (such as your transaction data, or account details e.g. email address and telephone number).</p><div class="ot-hlst-cntr"><button class="ot-link-btn category-host-list-handler" aria-label="Cookie Details button opens Cookie List menu" data-parent-id="4">Cookies Detailsâ</button></div></div><!-- Groups sections starts --><!-- Group section ends --><!-- Accordion Group section starts --><!-- Accordion Group section ends --></section></div><section id="ot-pc-lst" class="ot-hide ot-hosts-ui ot-pc-scrollbar"><div id="ot-pc-hdr"><div id="ot-lst-title"><button class="ot-link-btn back-btn-handler" aria-label="Back"><svg id="ot-back-arw" xmlns="http://www.w3.org/2000/svg" xmlns:xlink="http://www.w3.org/1999/xlink" x="0px" y="0px" viewBox="0 0 444.531 444.531" xml:space="preserve"><title>Back Button</title><g><path fill="#656565" d="M213.13,222.409L351.88,83.653c7.05-7.043,10.567-15.657,10.567-25.841c0-10.183-3.518-18.793-10.567-25.835
            l-21.409-21.416C323.432,3.521,314.817,0,304.637,0s-18.791,3.521-25.841,10.561L92.649,196.425
            c-7.044,7.043-10.566,15.656-10.566,25.841s3.521,18.791,10.566,25.837l186.146,185.864c7.05,7.043,15.66,10.564,25.841,10.564
            s18.795-3.521,25.834-10.564l21.409-21.412c7.05-7.039,10.567-15.604,10.567-25.697c0-10.085-3.518-18.746-10.567-25.978
            L213.13,222.409z"></path></g></svg></button><h3>Cookie List</h3></div><div class="ot-lst-subhdr"><div class="ot-search-cntr"><p role="status" class="ot-scrn-rdr"></p><input id="vendor-search-handler" type="text" name="vendor-search-handler" placeholder="Searchâ¦" aria-label="Cookie list search"> <svg xmlns="http://www.w3.org/2000/svg" xmlns:xlink="http://www.w3.org/1999/xlink" x="0px" y="0px" viewBox="0 -30 110 110" aria-hidden="true"><title>Search Icon</title><path fill="#2e3644" d="M55.146,51.887L41.588,37.786c3.486-4.144,5.396-9.358,5.396-14.786c0-12.682-10.318-23-23-23s-23,10.318-23,23
    s10.318,23,23,23c4.761,0,9.298-1.436,13.177-4.162l13.661,14.208c0.571,0.593,1.339,0.92,2.162,0.92
    c0.779,0,1.518-0.297,2.079-0.837C56.255,54.982,56.293,53.08,55.146,51.887z M23.984,6c9.374,0,17,7.626,17,17s-7.626,17-17,17
    s-17-7.626-17-17S14.61,6,23.984,6z"></path></svg></div><div class="ot-fltr-cntr"><button id="filter-btn-handler" aria-label="Filter" aria-haspopup="true"><svg role="presentation" aria-hidden="true" xmlns="http://www.w3.org/2000/svg" xmlns:xlink="http://www.w3.org/1999/xlink" x="0px" y="0px" viewBox="0 0 402.577 402.577" xml:space="preserve"><title>Filter Icon</title><g><path fill="#fff" d="M400.858,11.427c-3.241-7.421-8.85-11.132-16.854-11.136H18.564c-7.993,0-13.61,3.715-16.846,11.136
c-3.234,7.801-1.903,14.467,3.999,19.985l140.757,140.753v138.755c0,4.955,1.809,9.232,5.424,12.854l73.085,73.083
c3.429,3.614,7.71,5.428,12.851,5.428c2.282,0,4.66-0.479,7.135-1.43c7.426-3.238,11.14-8.851,11.14-16.845V172.166L396.861,31.413
C402.765,25.895,404.093,19.231,400.858,11.427z"></path></g></svg></button></div><div id="ot-anchor"></div><section id="ot-fltr-modal"><div id="ot-fltr-cnt"><button id="clear-filters-handler">Clear</button><div class="ot-fltr-scrlcnt ot-pc-scrollbar"><div class="ot-fltr-opts" role="list"><div class="ot-fltr-opt" role="listitem"><div class="ot-chkbox"><input id="chkbox-id" type="checkbox" class="category-filter-handler"> <label for="chkbox-id"><span class="ot-label-txt">checkbox label</span></label> <span class="ot-label-status">label</span></div></div></div><div class="ot-fltr-btns"><button id="filter-apply-handler">Apply</button> <button id="filter-cancel-handler">Cancel</button></div></div></div></section></div></div><section id="ot-lst-cnt" class="ot-host-cnt ot-pc-scrollbar"><div id="ot-sel-blk"><div class="ot-sel-all"><div class="ot-sel-all-hdr"><span class="ot-consent-hdr">Consent</span> <span class="ot-li-hdr">Leg.Interest</span></div><div class="ot-sel-all-chkbox"><div class="ot-chkbox" id="ot-selall-hostcntr"><input id="select-all-hosts-groups-handler" type="checkbox"> <label for="select-all-hosts-groups-handler"><span class="ot-label-txt">checkbox label</span></label> <span class="ot-label-status">label</span></div><div class="ot-chkbox" id="ot-selall-vencntr"><input id="select-all-vendor-groups-handler" type="checkbox"> <label for="select-all-vendor-groups-handler"><span class="ot-label-txt">checkbox label</span></label> <span class="ot-label-status">label</span></div><div class="ot-chkbox" id="ot-selall-licntr"><input id="select-all-vendor-leg-handler" type="checkbox"> <label for="select-all-vendor-leg-handler"><span class="ot-label-txt">checkbox label</span></label> <span class="ot-label-status">label</span></div></div></div></div><div class="ot-sdk-row"><div class="ot-sdk-column"><ul id="ot-host-lst"></ul></div></div></section></section><div class="ot-pc-footer ot-pc-scrollbar"><div class="ot-btn-container"> <button class="save-preference-btn-handler onetrust-close-btn-handler">Confirm My Choices</button></div><!-- Footer logo --><div class="ot-pc-footer-logo"><a href="https://www.onetrust.com/products/cookie-consent/" target="_blank" rel="noopener noreferrer" aria-label="Powered by OneTrust Opens in a new Tab"><img alt="Powered by Onetrust" src="https://cdn-ukwest.onetrust.com/logos/static/powered_by_logo.svg" title="Powered by OneTrust Opens in a new Tab"></a></div></div><!-- Cookie subgroup container --><!-- Vendor list link --><!-- Cookie lost link --><!-- Toggle HTML element --><!-- Checkbox HTML --><!-- plus minus--><!-- Arrow SVG element --><!-- Accordion basic element --><span class="ot-scrn-rdr" aria-atomic="true" aria-live="polite"></span><!-- Vendor Service container and item template --></div><iframe class="ot-text-resize" sandbox="allow-same-origin" title="onetrust-text-resize" style="position: absolute; top: -50000px; width: 100em;" aria-hidden="true"></iframe></div></div><div id="batBeacon209409330446" style="width: 0px; height: 0px; display: none; visibility: hidden;"><img id="batBeacon611254713270" width="0" height="0" alt="" src="https://bat.bing.com/action/0?ti=5713924&amp;Ver=2&amp;mid=9120391d-ad2c-49d5-9fee-00dcd6d0e418&amp;bo=1&amp;sid=1a8be430db5611efba7c8d2f7d99308b&amp;vid=1a8c3db0db5611efa01adf0bef64eae8&amp;vids=0&amp;msclkid=N&amp;uach=pv%3D10.0.0&amp;pi=918639831&amp;lg=en-GB&amp;sw=2560&amp;sh=1440&amp;sc=24&amp;tl=Sainsbury's%20-%20Meal%20Deal%20for%20%C2%A33.75%20-%20List%20name%20-%20TBD&amp;p=https%3A%2F%2Fwww.sainsburys.co.uk%2Fshop%2FPromotionDisplayView%3FlistId%3D2%26catalogId%3D10241%26productId%3D1117540%26langId%3D44%26storeId%3D10151%26promotionId%3D10669742&amp;r=https%3A%2F%2Fwww.sainsburys.co.uk%2Fshop%2FPromotionDisplayView%3FlistId%3D1%26catalogId%3D10241%26productId%3D1117540%26langId%3D44%26storeId%3D10151%26promotionId%3D10669742&amp;lt=2318&amp;evt=pageLoad&amp;sv=1&amp;cdb=AQET&amp;rn=315124" style="width: 0px; height: 0px; display: none; visibility: hidden;"></div><div id="batBeacon772771958736" style="width: 0px; height: 0px; display: none; visibility: hidden;"><img id="batBeacon341015786956" width="0" height="0" alt="" src="https://bat.bing.com/action/0?ti=5683589&amp;Ver=2&amp;mid=5836e83f-146a-4aa3-8d88-a166a90c17be&amp;bo=1&amp;sid=1a8be430db5611efba7c8d2f7d99308b&amp;vid=1a8c3db0db5611efa01adf0bef64eae8&amp;vids=0&amp;msclkid=N&amp;uach=pv%3D10.0.0&amp;pi=918639831&amp;lg=en-GB&amp;sw=2560&amp;sh=1440&amp;sc=24&amp;tl=Sainsbury's%20-%20Meal%20Deal%20for%20%C2%A33.75%20-%20List%20name%20-%20TBD&amp;p=https%3A%2F%2Fwww.sainsburys.co.uk%2Fshop%2FPromotionDisplayView%3FlistId%3D2%26catalogId%3D10241%26productId%3D1117540%26langId%3D44%26storeId%3D10151%26promotionId%3D10669742&amp;r=https%3A%2F%2Fwww.sainsburys.co.uk%2Fshop%2FPromotionDisplayView%3FlistId%3D1%26catalogId%3D10241%26productId%3D1117540%26langId%3D44%26storeId%3D10151%26promotionId%3D10669742&amp;lt=2318&amp;evt=pageLoad&amp;sv=1&amp;cdb=AQET&amp;rn=383420" style="width: 0px; height: 0px; display: none; visibility: hidden;"></div><div class="tooltip" id="JSTooltip" style="position: absolute; left: -999px; top: -999px;"><div class="tooltipInner"><a href="#" class="closeTooltip" id="JSTooltipClose">Close<span class="access"> this tooltip and return to the page</span></a><div class="tooltipText" id="JSTooltipText"></div><div class="tooltipArrow" id="JSTooltipArrow"></div></div></div><iframe id="universal_pixel_t0qvftx" height="0" width="0" style="display:none;" src="https://insight.adsrvr.org/track/up?adv=n62i053&amp;ref=https%3A%2F%2Fwww.sainsburys.co.uk%2Fshop%2FPromotionDisplayView%3FlistId%3D2%26catalogId%3D10241%26productId%3D1117540%26langId%3D44%26storeId%3D10151%26promotionId%3D10669742&amp;upid=t0qvftx&amp;upv=1.1.0&amp;paapi=1" title="TTD Universal Pixel"></iframe></body></html>